2492 3700
183 243 213 292 12
434 245 731 294 r‘uuursrocnss.
768 261 790 306 4,
806 261 826 310 5.

182 411 395 470 sacerdotibus
412 419 490 488 ques
507 412 538 470 in
556 431 626 472 arce
646 413 814 485 invenerat,
836 414 981 472 incendis>
1000 415 1078 472 dele·

147 524 164 574 2
181 514 232 573 vit.
279 515 374 574 Cirius
390 515 513 574 flamme
535 516 690 592 perterriti
704 517 854 576 classierii
869 536 939 575 cum
955 524 1078 576 manere

96 677 99 684 ,
181 625 245 677 nen
261 619 411 676 auderent
431 628 462 676 et
482 619 603 694 phirimi
623 620 818 679 hortarentur
834 630 866 680 ut
881 622 991 680 domes
1006 629 1078 679 sues

182 721 377 780 discederent
406 722 631 799 moenibusque
661 730 694 781 se
723 724 935 796 defenderent,
958 723 1079 782 Themi·

182 825 295 882 stocles
317 834 395 882 rinus
415 824 528 883 restitit
548 835 578 884 et
600 825 759 885 irniverses
782 832 872 902 pares
894 845 963 884 esse
985 844 1078 902 posse
1117 841 1131 893 5

181 927 292 998 eiebat,
315 927 473 1002 disperses
496 929 668 987 testebetur
689 929 848 1004 peritrires,
871 928 964 1005 idque
988 931 1080 1007 Eury·

181 1030 275 1102 biadi,
306 1037 369 1106 regi
407 1031 731 1104 Lacedaemonierum,
761 1040 812 1108 qui
844 1042 909 1090 tum
941 1051 1078 1090 summae

147 1142 164 1192 3
182 1133 289 1209 imperi
304 1143 453 1209 praeerat,
470 1134 535 1192 fore
552 1134 746 1193 adfirmabat.
778 1135 878 1208 Quem
894 1154 961 1193 cum
978 1134 1078 1194 minus

182 1255 274 1313 quam
303 1236 394 1294 vellet
420 1243 564 1309 moveret,
591 1219 694 1296 noctir
711 1238 750 1296 de
776 1246 872 1296 servis
898 1248 962 1296 suis
988 1257 1078 1314 quem

181 1339 289 1399 habuit
311 1339 521 1398 fidelissimum
544 1342 583 1400 ad
604 1348 705 1417 regem
725 1341 815 1413 misit,
833 1350 865 1399 ut
881 1349 910 1398 ei
925 1340 1079 1399 nuntiaret
1101 1363 1133 1398 10

148 1448 245 1502 4suis
275 1444 376 1501 verbis
409 1443 602 1503 adversarios
628 1444 695 1502 eius
718 1444 750 1501 in
772 1445 845 1520 iuge
868 1462 954 1502 esse:
979 1452 1031 1519 qui
1054 1452 1080 1501 si

182 1545 409 1618 discessissent,
435 1545 551 1606 meiere
579 1565 648 1604 cum
678 1546 783 1610 labere
808 1555 839 1603 et
865 1546 1080 1622 longinquiere

182 1659 319 1726 tempore
335 1649 450 1708 bellum
467 1651 687 1720 ceniectirrum,
704 1667 774 1706 cum
795 1649 933 1725 singules
956 1656 1081 1708 censec-

182 1761 240 1812 teri
262 1760 441 1829 cogeretur:
472 1760 550 1828 ques
573 1761 600 1810 si
622 1752 725 1811 statim
748 1753 971 1828 aggrederetur,
995 1753 1081 1810 brevi

183 1856 343 1916 riniverses
358 1867 585 1933 oppressurum.
611 1858 684 1915 Hec
699 1864 736 1916 ee
751 1856 882 1927 valebat,
893 1866 927 1913 ut
943 1856 1081 1932 ingretiis
1103 1882 1134 1933 15

149 1966 165 2014 5
183 1961 223 2018 ad
239 1961 478 2037 depirgnandum
494 1968 601 2019 omnes
618 1967 808 2036 erigerentur.
841 1961 912 2017 Hec
928 1966 960 2017 re
976 1960 1081 2018 audite

183 2064 340 2136 barbarus,
358 2063 433 2121 nihil
457 2063 520 2122 doli
543 2064 673 2122 subesse
692 2064 831 2134 credens,
847 2062 996 2138 postridie
1012 2062 1082 2121 alie

184 2166 313 2226 nissime
335 2166 394 2225 sibi
417 2167 494 2238 loce,
518 2174 625 2224 contre
648 2164 909 2241 opportenissime
928 2165 1080 2238 hostibus,

184 2270 263 2329 adee
296 2277 428 2347 anguste
464 2274 549 2327 mari
570 2268 715 2329 cenflixit
750 2277 785 2325 ut
818 2267 883 2326 eius
918 2268 1082 2328 multitirde

184 2373 308 2433 nevium
338 2372 484 2448 explicari
514 2379 575 2431 nen
606 2370 748 2446 potuerit.
793 2372 902 2429 Victus
932 2378 1005 2447 erge
1035 2380 1083 2429 est
1102 2397 1135 2431 20

184 2476 282 2554 magis
298 2474 391 2534 etiam
407 2474 538 2534 censilie
553 2472 757 2531 Themistocli
774 2491 865 2548 quam
881 2482 973 2532 armis
989 2475 1083 2533 Grae·

185 2579 259 2638 ciae.

145 2682 169 2742 5
228 2684 290 2741 Hic
307 2691 365 2740 etsi
378 2681 456 2739 male
471 2698 534 2738 rem
550 2686 698 2755 gesserat,
710 2685 813 2735 tamen
829 2685 932 2735 tantais
947 2676 1084 2737 habebat

185 2784 330 2861 reliquies
343 2784 499 2860 cepierum
513 2791 546 2839 ut
558 2781 651 2839 etiam
664 2789 727 2838 tum
740 2778 777 2837 iis
790 2779 962 2855 opprimere
977 2790 1084 2856 posset

184 2889 300 2948 hostes.
332 2892 447 2947 Iterum
463 2887 502 2945 ab
518 2885 628 2945 eedem
644 2883 741 2960 gradir
756 2883 904 2959 depulsus
919 2893 976 2942 est.
1002 2887 1083 2942 Nam
1104 2910 1118 2943 2
1122 2910 1136 2959 5

227 3076 243 3122 4
256 3061 432 3125 discederent,
446 3061 550 3107 abirent.
560 3056 618 3105 -6
630 3056 732 3120 iiebat,
745 3056 848 3104 dicebat.
858 3068 916 3118 —9
928 3058 1018 3121 noctis,
1032 3074 1084 3105 noc-

186 3151 266 3193 turne
280 3151 470 3206 tempora-12
486 3139 688 3203 discessissent,
705 3139 868 3201 effigium&
886 3139 1083 3206 longinquiere,

168 3228 304 3291 ·Iongi‹ire.
314 3256 348 3264 -
360 3242 389 3287 14
410 3226 607 3289 aggrederetur,
627 3225 748 3284 impetum
763 3223 863 3285 faceret
879 3223 916 3269 in.
926 3250 959 3258 —
971 3236 998 3284 17
1018 3224 1083 3288 doli,

179 3312 297 3375 fraudis,
306 3339 340 3347 -
351 3324 381 3371 24
394 3309 553 3374 opprimere,
566 3307 702 3355 devincere.
