2492 3700
212 189 244 239 76
495 188 702 235 HANNIBAL.
741 201 776 243 11,
793 202 830 234 12.

212 354 360 427 viderent,
392 362 512 432 puppes
541 361 698 412 verterunt
730 360 825 429 seque
855 354 895 412 ad
925 371 980 411 sua
1010 363 1112 412 eastra

178 457 336 521 7nautica
361 458 553 516 rettulerunt.
607 458 659 515 Sic
685 455 845 514 Hannibal
870 454 1002 514 consilio
1028 475 1112 514 arma

213 563 471 638 Pergamenorum
500 559 665 635 superavit,
694 577 793 634 neque
824 568 889 617 tum
919 557 1026 629 solum,
1056 560 1112 617 sed

213 682 306 740 saepe
324 663 400 722 alias
419 662 615 739 pedestribus
637 661 735 737 copiis
750 640 818 737 pari
837 646 1001 737 prudentia
1019 680 1113 736 pepu-

213 766 247 824 lit
262 765 464 825 adversarios.
1153 784 1164 833 5

164 872 210 931 12
255 869 343 943 Quae
359 870 431 927 dum
447 868 479 925 in
492 868 567 926 Asia
583 877 738 943 geruntur,
753 866 867 925 accidit
882 876 956 925 casir
971 876 1004 925 ut
1020 866 1114 943 legati

214 972 340 1032 Prusiae
353 975 473 1031 Romae
489 971 571 1047 apud
584 972 620 1028 T.
640 969 801 1043 Quintium
819 969 1024 1028 Flamininum
1042 976 1115 1028 con-

214 1076 347 1135 sularem
362 1084 518 1147 cenarent,
535 1085 628 1150 atque
644 1074 686 1131 ibi
704 1074 742 1133 de
761 1072 939 1132 Hannibale
956 1074 1115 1131 mentione

212 1179 296 1238 iacta
311 1198 349 1237 ex
365 1178 402 1238 iis
418 1188 496 1237 rinus
512 1178 629 1237 diceret
645 1196 714 1235 eum
730 1176 761 1236 in
780 1176 904 1235 Prusiae
920 1181 1014 1252 regno
1033 1194 1113 1233 esse.

179 1282 252 1342 ald
272 1289 397 1357 postero
417 1281 467 1340 die
484 1280 675 1339 Flamininus
698 1287 820 1338 senatui
843 1278 959 1337 detulit.
1005 1279 1116 1336 Patres
1137 1305 1168 1339 ιο

213 1393 389 1462 conscripti,
415 1395 467 1461 qui
493 1384 673 1443 Hannibale
698 1390 767 1442 vivo
792 1401 960 1459 numquam
986 1389 1020 1441 se
1046 1382 1115 1441 sine

215 1489 334 1548 insidiis
356 1490 475 1549 futuros
498 1488 718 1560 existimarent,
744 1488 862 1565 legatos
885 1488 916 1545 in
938 1487 1115 1563 Bithymam

215 1600 371 1662 miserunt,
389 1592 420 1650 in
440 1592 478 1650 iis
500 1592 714 1662 Flamininum,
733 1601 785 1666 qui
809 1592 849 1650 ab
875 1599 946 1668 rege
972 1599 1116 1665 peterent

215 1702 254 1754 ne
274 1694 517 1754 inimicissimum
538 1696 628 1753 s'uum
650 1703 754 1755 secum
776 1696 904 1754 haberet
925 1693 1045 1771 sibique
1065 1695 1116 1753 de-

181 1798 310 1858 3deret.
363 1799 424 1858 His
455 1798 561 1858 Prusia
591 1806 703 1876 negare
731 1818 824 1858 ausus
852 1806 915 1857 non
941 1807 1006 1870 est;
1038 1796 1115 1856 illud
1138 1818 1168 1870 15

215 1901 375 1973 recusavit,
393 1909 432 1960 ne
454 1900 485 1960 id
508 1911 527 1961 a
549 1910 582 1961 se
605 1903 671 1961 lieri
692 1904 893 1979 postularent,
912 1901 994 1978 quod
1010 1901 1116 1960 adver-

215 2023 268 2062 sus
284 2004 330 2063 ius
345 2004 460 2080 hospiti
476 2015 576 2076 esset;
600 2005 667 2080 ipsi,
682 2015 708 2064 si
724 2015 861 2081 possent,
876 2004 1116 2081 comprehende-

215 2116 300 2165 rent:
322 2107 421 2165 locum
434 2107 487 2166 ubi
507 2117 598 2179 esset,
615 2107 705 2166 facile
722 2108 908 2167 inventuros.
954 2106 1116 2164 Hannibal

216 2209 297 2268 enim
314 2218 375 2268 uno
390 2211 459 2269 loco
475 2218 508 2269 se
524 2212 651 2269 tenebat
667 2211 697 2267 in
715 2211 852 2282 castello,
867 2211 950 2286 quod
966 2219 994 2267 ei
1009 2218 1028 2268 a
1043 2217 1116 2285 rege

216 2313 322 2371 datum
345 2323 410 2372 erat
431 2322 557 2384 muneri,
575 2313 669 2388 idque
691 2295 935 2373 sic⁴aedifiearat
952 2323 983 2370 ut
1005 2313 1035 2370 in
1054 2331 1116 2369 om·
1136 2335 1170 2369 20
1236 2375 1237 2388 χ

217 2416 308 2474 nibus
320 2416 459 2491 partibus
475 2416 597 2475 aedifici
614 2417 713 2475 exitus
725 2417 862 2486 haberet,
878 2417 994 2474 scilicet
1006 2422 1117 2473 verens

184 2533 200 2579 4
219 2526 257 2577 ne
276 2528 332 2577 usu
350 2528 467 2578 veniret
492 2521 575 2595 quod
595 2520 716 2579 accidit.
764 2521 836 2578 Huc
854 2539 924 2577 cum
942 2519 1035 2595 legati
1057 2520 1118 2576 Ro
1236 2501 1237 2568 i

218 2629 376 2680 manorum
392 2623 550 2681 venissent
566 2631 602 2680 ric
618 2622 814 2681 multitudine
834 2623 959 2681 domum
978 2621 1044 2680 eius
1063 2621 1118 2678 cir-

218 2725 458 2798 cumdedissent,
475 2744 551 2802 puer
569 2725 608 2783 ab
625 2725 718 2784 ianua
734 2725 926 2801 prespiciens
944 2723 1117 2782 Hannibali
1236 2757 1237 2810 p

218 2826 294 2886 dixit
305 2827 405 2903 plures
415 2840 537 2903 praeter
547 2828 803 2887 consuetudinem
815 2835 948 2886 armatos
959 2833 1116 2903 apparere.
1139 2849 1151 2881 2
1157 2847 1171 2898 5

220 2930 282 3003 Qui
298 2930 457 3006 imperavit
473 2940 501 2990 ei
516 2941 549 2989 ut
574 2938 682 2989 omnes
701 2932 783 2989 iores
803 2931 924 2988 aedifici
944 2929 1120 2988 circumiret

218 3041 254 3091 ac
269 3041 399 3110 propere
415 3034 473 3092 sibi
490 3033 646 3092 nuntiaret
657 3053 728 3092 num
746 3035 855 3092 eodem
872 3033 965 3092 modo
980 3031 1118 3108 undique

251 3165 267 3213 6
293 3169 366 3229 casir,
384 3166 525 3229 firm-8
556 3168 692 3231 cenarent,
717 3168 972 3229 pulmentum-ro
1000 3165 1119 3231 posteri,

218 3256 345 3312 sequenti:
368 3251 461 3313 patres
473 3250 628 3314 conscripti,
641 3256 773 3298 senatoris.
781 3279 813 3286 —-
822 3263 850 3309 14
869 3249 986 3312 dederet,
999 3250 1120 3297 traderet.
