2492 3700
196 257 224 308 34
496 263 730 311 ALCIBIADES.
767 277 788 328 5·

197 429 317 501 potuit:
355 439 420 486 erat
450 429 531 488 enim
561 439 599 489 ee
628 431 808 507 sagecitete,
836 440 869 489 ut
901 429 1003 506 decipi
1031 437 1095 489 nen

197 539 311 604 posset,
341 532 522 606 praesertim
557 552 627 592 cum
663 533 797 591 animum
835 533 1018 592 attendisset
1055 532 1096 591 ad

197 632 376 692 cavendum.
430 636 540 711 Itaque
567 636 606 694 ad
631 635 880 711 Tissaphernem,
906 636 1096 712 praelectum

163 735 278 812 eregis
306 737 407 808 Derei,
436 745 468 796 se
495 738 632 797 contulit.
684 739 779 798 Ceius
804 757 874 796 cum
900 738 932 796 in
957 737 1096 796 intimam

198 837 362 897 amicitiam
374 839 564 915 pervenisset
576 844 607 900 et
619 841 855 900 Atheniensium
867 841 945 899 male
956 849 1052 918 gestis
1064 841 1096 898 in
1135 857 1152 908 5

199 941 301 1000 Sicilie
316 943 407 1001 rebus
430 951 504 1018 opes
520 951 691 1016 senescere,
708 952 816 1003 centre
838 942 1097 1027 Lacedaemonii}

198 1064 264 1102 rum
279 1052 416 1104 creseere
432 1046 557 1119 videret,
575 1047 663 1106 initie
683 1066 752 1106 cum
774 1047 925 1106 Pisandre
945 1053 1095 1122 praetere,

199 1148 349 1232 quiapud
383 1150 507 1208 Samum
540 1150 705 1209 exercitum
732 1150 885 1221 habebat,
920 1169 975 1225 per
1006 1149 1098 1207 inter-

198 1251 322 1310 minties
334 1251 528 1328 conloquitur
540 1263 571 1312 et
582 1253 620 1311 de
632 1252 733 1312 reditii
743 1260 800 1312 sue
811 1252 888 1311 lacit
898 1251 1095 1311 mentienem.

200 1355 272 1412 Erat
301 1354 389 1420 enim,
416 1355 525 1414 eedem
557 1363 618 1431 que
648 1355 826 1414 Alcibiades
860 1362 961 1427 sensti,
991 1355 1098 1430 populi
1120 1378 1151 1413 10

164 1457 352 1532 4potentiae
367 1440 444 1517 *nen
470 1468 586 1517 amicus
610 1467 640 1518 et
669 1457 863 1534 optimetium
891 1458 1001 1516 fautor.
1047 1458 1097 1516 Ab

198 1560 258 1642 hec
268 1559 431 1619 destitirtus
444 1569 573 1636 primum
585 1580 641 1637 per
652 1562 887 1639 Thrasybulum,
901 1563 977 1638 Lyci
988 1560 1096 1632 lilium,

132 1721 133 1726 ,
199 1662 238 1720 ab
261 1663 395 1722 exercitii
417 1664 562 1740 recipitur
587 1673 771 1740 praetorque
794 1664 829 1723 fit
853 1664 937 1739 apud
963 1665 1095 1735 Samum,

199 1775 269 1840 post
288 1766 477 1843 suffregante
493 1768 686 1826 Theremene
706 1767 812 1843 populi
831 1774 909 1826 scite
929 1765 1098 1826 restituitur
1135 1753 1142 1765 ⁸

147 1906 148 1909 =
199 1878 325 1944 parique
341 1870 454 1928 absens
469 1870 597 1946 imperiti
612 1871 787 1946 praeficitur
802 1871 893 1929 simul
913 1890 983 1929 curn
1003 1869 1097 1928 Thra·
1120 1894 1150 1947 15

165 1971 308 2049 5sybrile
334 1983 364 2031 et
393 1974 594 2032 Theremene.
641 1975 762 2033 Herum
791 1974 824 2031 in
852 1970 982 2049 imperiii
1011 1981 1098 2031 tanta

199 2075 397 2134 commetetie
419 2077 625 2134 rerum'facta
648 2085 704 2148 est,
720 2086 754 2135 ut
778 2075 1026 2148 Lacedaemonii,
1045 2084 1099 2151 qui

199 2178 292 2253 paule
307 2188 378 2237 ante
393 2186 524 2238 victeres
540 2178 708 2255 viguerant,
722 2179 875 2255 perterriti
889 2187 998 2255 pecem
1013 2187 1097 2254 pete

200 2290 275 2339 rent.
313 2283 396 2340 Victi
412 2282 493 2340 enim
509 2291 596 2340 erant
608 2291 744 2358 quinque
756 2282 880 2358 proeliis
891 2281 1097 2351 terrestribus,

200 2384 296 2443 tribus
312 2384 481 2457 nevelibus‚
498 2384 530 2441 in
546 2384 658 2461 quibus
674 2384 825 2444 ducentes
845 2392 940 2443 neves
960 2384 1099 2443 triremes
1119 2408 1150 2442 20
1208 2454 1213 2462 Ι

200 2496 373 2559 emiserant,
391 2507 470 2563 quae
485 2497 594 2563 captae
610 2488 641 2545 in
657 2486 791 2547 hostium
803 2495 951 2546 venerant
966 2495 1100 2563 poteste-
1239 2471 1240 2474 Ἴ

166 2599 183 2648 6
199 2599 270 2648 tem.
315 2590 491 2649 Alcibiades
508 2590 596 2649 simul
612 2610 681 2649 cum
697 2590 832 2667 conlegis
847 2597 1005 2666 receperat
1020 2589 1101 2649 Ieni·

200 2711 257 2763 am,
277 2693 521 2768 Hellespontum,
539 2693 652 2751 multes
668 2702 827 2768 praeteree
846 2692 937 2751 urbes
953 2694 1098 2763 GraeceS,

201 2815 279 2870 quae
296 2796 326 2853 in
350 2803 402 2854 ere
425 2796 502 2855 sitae
518 2804 589 2854 sunt
614 2795 776 2866 Threciae,
793 2804 922 2872 querum
948 2804 1101 2872 expirgne-

200 2908 268 2957 rant
297 2899 477 2974 complures,
509 2898 541 2956 in
570 2898 618 2956 his
649 2897 838 2975 Byzantium,
869 2916 970 2974 neque
999 2897 1102 2956 minus
1121 2916 1153 2969 25
1239 2933 1240 2936 =

199 3002 311 3060 multes
334 3001 464 3061 censilie
487 3002 526 3060 ad
549 3001 714 3059 amicitiam
736 3000 947 3072 adiunxerant,
964 3001 1048 3076 quod
1070 3000 1103 3058 in

167 3110 308 3182 lcaptes
331 3104 492 3163 clementie
513 3104 637 3162 fuerant
663 3112 719 3162 risi.
762 3091 816 3161 'Ita
844 3102 959 3179 praede
988 3112 1101 3175 onusti,

244 3258 253 3291 1
269 3242 366 3307 decipi,
373 3244 447 3307 salli.
456 3271 491 3278 -
501 3257 530 3302 14
543 3242 718 3307 suffregante‚
725 3242 839 3306 favente.
847 3269 881 3277 —
891 3253 921 3306 15
934 3241 1016 3291 simul
1028 3256 1099 3307 cum,

200 3333 255 3376 end
266 3344 331 3375 cum.
342 3356 374 3363 -
384 3326 413 3375 18
431 3327 584 3390 viguerant,
598 3327 742 3374 valuerant.
752 3354 785 3361 -
795 3340 827 3385 24
844 3324 924 3389 sitae,
941 3327 1046 3386 positae.
