2492 3700
205 253 220 303 8
501 252 716 300 antinous.
752 266 775 312 7,
787 251 811 300 a.

204 431 261 480 rat.
287 424 396 497 Itaque
412 440 481 478 cum
497 421 564 496 ipse
576 427 632 496 pro
644 427 677 479 se
689 420 792 478 dicere
804 427 867 478 non
879 430 995 495 posset,
1008 421 1103 478 verba

173 535 190 584 6
206 523 280 582 tacit
295 525 390 582 trater
405 523 471 582 eius
489 524 678 599 Stesagoras.
724 524 827 582 Causa
849 523 973 599 cagnita
991 522 1102 598 capitis

207 627 366 685 absolutus
388 625 520 702 pecunia
541 626 688 684 multatus
711 634 767 698 est,
784 644 882 701 eaque
901 625 937 684 lis
956 635 1103 702 quinqua-

206 729 293 808 ginta
323 728 447 787 talentis
477 728 640 788 aestimata
670 737 726 801 est,
752 737 885 804 quantus
915 728 946 785 in
972 728 1102 786 classem

207 841 347 908 sumptus
361 833 463 890 factus
479 841 552 891 erat.
598 833 693 890 Hanc
707 831 869 908 pecuniam
886 832 969 908 quod
984 830 1102 890 solvere
1138 847 1150 900 5

207 937 238 994 in
261 934 437 1011 praesentia
460 942 523 994 nan
545 944 675 1011 poterat,
692 934 724 992 in
746 933 868 992 vincula
889 933 1011 1010 pirblica
1034 952 1103 992 con·

207 1039 305 1098 iectus
320 1047 368 1097 est
383 1038 487 1114 ibique
503 1037 585 1097 diem
600 1037 678 1096 obiit
693 1044 876 1112 supremum.

171 1139 195 1199 8
251 1143 313 1200 Hic
335 1150 394 1200 etsi
416 1140 541 1199 crimine
565 1140 657 1199 Paria
672 1149 720 1198 est
735 1148 906 1211 accusatus,
923 1149 1026 1198 tamen
1044 1140 1103 1197 alia

208 1263 302 1303 causa
316 1244 374 1303 fuit
390 1243 607 1303 damnationis.
634 1245 777 1318 Namque
793 1241 1000 1300 Athenienses
1015 1261 1103 1318 prop

208 1357 254 1407 ter
280 1347 434 1406 Pisistrati
459 1347 661 1422 tyrannidem,
679 1365 757 1421 quae
779 1354 886 1422 paucis
912 1354 1002 1403 annis
1031 1354 1104 1404 ante
1123 1371 1154 1406 10

208 1452 316 1523 tuerat,
340 1449 476 1509 omnium
503 1449 614 1508 civium
641 1455 764 1508 suarum
788 1448 958 1525 potentiam
981 1448 1105 1506 extima-

174 1562 192 1614 2
208 1555 346 1613 scebant.
392 1553 559 1626 Miltiades
577 1552 705 1611 multum
720 1552 752 1609 in
761 1551 903 1628 ,imperiis
923 1550 1104 1628 magistrati·

208 1659 328 1734 busque
344 1665 492 1727 versatus
510 1664 572 1715 nan
587 1655 750 1714 videbatur
763 1673 857 1730 posse
872 1673 941 1713 esse
956 1663 1103 1730 privatus

208 1759 388 1836 praesertim
400 1778 469 1817 cum
485 1757 710 1818 cansuetridine
726 1758 765 1817 ad
781 1757 888 1833 imperi
904 1758 1105 1834 cupiditatem

175 1874 192 1923 3
209 1864 289 1923 trahi
303 1864 465 1923 videretur.
510 1866 590 1922 Nam
611 1865 799 1923 Chersonesi
817 1872 926 1924 omnes
942 1865 1011 1924 illos
1027 1871 1105 1940 quas
1127 1890 1157 1940 15

208 1967 364 2026 habitarat
376 1974 474 2025 annas
484 1977 664 2043 perpetuam
677 1967 854 2027 obtinuerat
864 1967 1105 2027 dominationem

209 2080 418 2149 tyrannusque
433 2070 533 2129 fuerat
549 2070 731 2146 appellatus,
745 2071 801 2130 sed
816 2071 923 2130 iustus.
951 2073 981 2129 N
984 2078 1024 2129 an
1040 2079 1106 2127 erat

210 2173 292 2231 enirn
310 2182 340 2231 vi
355 2181 549 2245 cansecirtus,
567 2173 623 2231 sed
646 2180 770 2232 suorum
792 2174 959 2247 voluntate,
976 2192 1105 2249 eamque

210 2284 395 2352 potestatem
424 2276 563 2334 bonitate
593 2275 755 2335 retinebat.
801 2278 917 2337 Omnes
947 2286 1049 2335 autem
1076 2285 1107 2334 et

211 2380 354 2438 dicuntur
379 2388 410 2438 et
435 2379 589 2438 habentur
617 2389 740 2457 tyranni
770 2389 822 2456 qui
850 2389 1004 2456 potestate
1034 2387 1107 2437 sunt
1127 2403 1161 2439 20

176 2488 194 2535 4
210 2491 359 2558 perpetua
374 2482 405 2540 in
422 2490 459 2541 ea
475 2482 599 2540 civitate
616 2502 695 2558 quae
711 2482 853 2542 libertate
870 2493 925 2542 usa
940 2492 996 2541 est.
1045 2482 1107 2541 Sed

212 2585 242 2641 in
259 2585 401 2644 Miltiade
423 2594 489 2644 erat
511 2604 580 2643 cum
603 2604 722 2643 summa
745 2586 930 2658 humanitas,
947 2596 1012 2645 tum
1032 2594 1107 2643 mira

211 2688 423 2760 communitas
440 2697 474 2747 ut
492 2694 583 2748 nemo
601 2697 665 2747 tarn
681 2688 805 2748 humilis
822 2698 905 2748 esset
922 2689 970 2747 cui
989 2697 1051 2749 nan
1068 2689 1108 2747 ad

211 2811 280 2849 eum
297 2791 399 2850 aditus
414 2798 553 2867 pataret;
576 2799 689 2868 magna
712 2792 879 2851 auctoritas
902 2793 985 2868 apud
1000 2799 1107 2851 omnes

211 2895 361 2966 civitates
380 2894 484 2953 nabile
508 2902 629 2967 namen,
650 2894 717 2953 laus
740 2904 783 2953 rei
805 2894 944 2953 militaris
967 2894 1106 2953 maxima.
1130 2918 1165 2970 25

213 3000 302 3056 Haec
331 2998 464 3073 populus
497 2996 668 3073 respiciens
701 2997 808 3055 maluit
837 2997 922 3054 illum
951 2996 1108 3055 innoxium

211 3101 306 3175 plecti
322 3119 413 3176 quam
429 3106 463 3158 se
479 3099 593 3158 diutius
609 3118 679 3158 esse
695 3099 726 3157 in
742 3100 859 3159 timore.

257 3265 266 3297 1
281 3250 363 3300 verba
375 3248 450 3313 fecit,
464 3250 554 3296 aravit.
562 3276 596 3283 -
607 3261 636 3295 12
650 3250 776 3313 multum,
789 3256 866 3310 saepe.
874 3276 908 3284 —-
918 3248 948 3298 16
960 3250 1109 3315 habitarat,

213 3338 359 3384 incoluerat.
368 3364 401 3371 -
411 3349 438 3395 17
453 3337 511 3385 etat
530 3336 698 3399 consecutus,
711 3342 767 3383 erat
777 3336 889 3397 adeptus.
899 3364 933 3370 -
944 3349 974 3398 19
991 3338 1112 3400 potesta-

213 3421 278 3483 tem,
293 3420 438 3480 imperium.
447 3447 480 3454 —
491 3432 522 3465 20
535 3418 670 3482 dicuntur,
684 3420 860 3465 naminantur.
