2492 3700
437 165 658 214 AGESILAUS.
692 179 716 224 4,
731 177 752 229 5.
1010 163 1041 214 61

105 332 227 393 4bella
250 341 426 408 superasset
443 331 559 392 Asiam.
607 333 678 390 Hac
700 331 792 408 igitur
812 341 916 390 mente
939 331 1042 390 Helle

143 445 290 510 spontum
306 434 411 511 capias
426 433 546 493 traiecit
561 442 708 510 tantaque
725 444 799 493 usus
819 444 867 494 est
885 433 1042 493 celeritate

144 548 186 610 ut,
201 537 286 612 quod
308 537 365 595 iter
382 539 501 596 Xerxes
524 544 607 596 anno
623 547 762 596 vertente
784 538 969 608 confecerat,
992 537 1043 595 hic

108 646 125 694 5
143 639 301 699 transierit
316 640 441 718 triginta
456 640 575 701 diebus.
622 642 702 701 Cum
716 640 778 698 iam
795 640 879 699 haud
893 639 937 698 ita
951 640 1042 716 longa

144 744 270 801 abesset
299 751 317 802 a
344 744 568 819 Peloponneso,
599 743 752 803 obsistere
782 753 810 800 ei
840 751 943 801 canati
972 752 1044 800 sunt
1080 757 1092 808 5

145 845 355 905 Athaniansas
376 856 406 904 et
423 847 542 906 Boeotii
563 853 719 922 ceterique
740 853 845 904 earum
866 845 942 904 socii
961 846 1044 921 apud

109 959 126 1008 6
146 950 337 1007 Coranaam:
362 956 439 1025 quos
454 956 562 1008 omnas
577 959 662 1025 gravi
680 949 798 1026 proelio
813 948 894 1007 vicit.
941 948 1044 1006 Huius

145 1051 292 1110 victariae
307 1051 356 1110 vel
379 1052 510 1110 maxima
531 1052 590 1110 fuit
612 1053 680 1110 laus
705 1052 798 1128 quod,
815 1071 885 1110 cum
906 1052 1043 1127 plerique

146 1173 184 1212 ex
198 1155 272 1231 fuga
293 1162 326 1213 sa
345 1155 374 1212 in
392 1156 539 1232 templum
556 1155 717 1214 Minervae
732 1155 938 1214 coniecissent
954 1173 1044 1229 quae-

146 1265 325 1334 rereturque
352 1259 391 1316 ab
418 1265 456 1317 eo
478 1258 553 1334 quid
575 1259 613 1316 iis
635 1259 728 1318 vellet
750 1259 823 1329 fieri,
847 1266 906 1316 etsi
928 1258 1045 1333 aliquot
1065 1281 1095 1314 10

146 1363 274 1420 volnera
300 1369 463 1438 acceperat
493 1369 530 1422 ea
559 1362 677 1438 proelio
703 1373 734 1420 et
764 1370 859 1420 iratus
885 1361 1046 1419 videbatur

146 1464 292 1523 omnibus
319 1473 371 1540 qui
394 1465 541 1523 adversus
564 1481 649 1522 arma
671 1465 812 1534 tulerunt,
836 1473 939 1523 tamen
963 1473 1046 1522 ante·
1132 1535 1134 1538 y

110 1574 128 1625 7
147 1567 217 1625 tulit
240 1576 302 1624 irae
325 1567 503 1644 religionem
526 1577 557 1626 et
579 1576 634 1627 eas
657 1568 752 1626 vetuit
775 1567 889 1626 violari.
936 1569 1045 1642 Neque

146 1677 219 1729 vara
241 1670 302 1729 hac
324 1670 423 1729 solum
443 1670 474 1727 in
490 1671 621 1730 Graecia
640 1671 723 1741 fecit,
740 1680 773 1728 ut
787 1671 903 1746 templa
918 1671 1046 1730 deorum

147 1781 256 1832 sancta
282 1773 419 1846 haberet,
444 1773 499 1832 sed
525 1773 618 1832 etiam
645 1774 727 1850 apud
753 1774 901 1834 barbaras
928 1782 1046 1832 summa
1067 1794 1095 1844 15

146 1876 296 1954 religiano
333 1877 436 1935 omnia
472 1877 635 1937 simulacra
673 1887 804 1954 arasque
842 1878 1044 1937 conservavit.

111 1982 259 2055 BItaque
292 1980 492 2056 praedicabat
523 1989 625 2039 mirari
661 1987 694 2039 se
731 1989 793 2040 non
829 1981 1045 2056 sacrilegarum

147 2090 278 2141 numero
300 2082 407 2141 haberi
423 2093 474 2158 qui
490 2084 682 2160 supplicibus
707 2085 834 2143 deorum
857 2084 1044 2154 nocuissent,

147 2195 202 2243 aut
225 2193 289 2245 nan
315 2186 506 2261 gravioribus
532 2194 641 2262 poenis
668 2186 759 2245 adfici
785 2195 837 2262 qui
866 2186 1046 2261 religionem

147 2289 323 2347 minuerent
340 2306 430 2364 quam
447 2297 499 2363 qui
514 2289 588 2347 fana
604 2289 780 2365 spoliarent.
1065 2309 1095 2343 20

108 2395 134 2454 5
192 2393 267 2450 Post
293 2391 353 2449 hoe
379 2390 528 2466 proelium
550 2392 706 2451 conlatum
736 2410 826 2450 omne
855 2393 970 2451 bellum
1000 2403 1047 2451 est

146 2493 232 2553 circa
244 2493 428 2553 Corinthum
437 2494 570 2571 ideoque
584 2494 778 2553 Corinthium
790 2505 838 2553 est
849 2496 1045 2570 appellatum.

110 2606 128 2656 2
148 2598 214 2655 Hic
229 2615 300 2655 cum
316 2605 376 2655 ana
396 2606 499 2673 pagna
515 2598 622 2657 decern
645 2598 728 2655 milia
750 2598 884 2656 hostium
901 2598 1048 2673 Agesilao

147 2701 229 2758 duce
255 2699 442 2759 cecidissent
468 2707 566 2776 eoque
592 2701 676 2758 iacto
702 2707 778 2775 opes
804 2700 1047 2759 adversancium

147 2802 330 2862 debilitatae
359 2802 542 2873 viderentur,
574 2812 693 2861 tantum
718 2802 796 2862 afuit
822 2804 860 2860 ab
884 2804 1048 2862 insolentia
1067 2822 1097 2872 ²5

146 2905 264 2982 gloriae
297 2914 331 2963 ut
364 2904 596 2964 commiseratus
636 2905 676 2962 sit
704 2906 858 2963 fortunam
888 2906 1045 2978 Graeciae,

195 3140 224 3188 18
253 3141 418 3204 nominent,
448 3143 499 3188 vim
525 3142 763 3188 attulissem—22
794 3141 872 3203 circi,
899 3143 1001 3188 circum.
1015 3170 1049 3176 -

150 3237 181 3283 27
201 3224 278 3287 vitia,
291 3226 375 3285 culpa.
