2492 3700
500 255 632 302 CIMON.
668 267 689 301 2.
1013 255 1046 304 27

105 422 128 508 ζ
188 422 258 480 Teli
274 423 367 481 modo
382 422 524 481 costodie
545 423 694 480 liberetus
711 422 822 481 Cimen
845 422 985 480 celeriter
1006 422 1045 479 ad

143 524 351 601 principetum
367 517 515 601 pervenit.
549 526 697 584 Habebat
712 524 795 583 enim
810 525 886 583 satis
902 525 1045 601 eloquen-

143 627 215 700 tiae,
242 646 393 685 summam
418 628 644 701 liberalitatem,
677 637 820 704 magnam
850 628 1044 704 prudentiam

144 750 214 789 cum
231 730 304 790 iuris
320 731 417 789 civilis
440 742 504 790 tum
527 742 570 790 rei
593 731 742 803 militeris,
760 732 843 807 quod
866 750 936 789 cum
958 741 1044 808 patre

144 841 276 910 epuere
296 833 328 891 in
348 833 533 893 exercitibus
553 835 655 892 iuerat
670 843 819 906 versetus
866 837 975 909 Itaque
994 835 1044 892 hic
1081 848 1094 901 s

144 945 175 994 et
190 935 340 1012 populum
355 938 506 996 urbanum
522 937 553 994 in
570 947 626 996 sue
638 937 737 996 tenuit
752 946 907 1012 potestete
919 946 950 995 et
962 938 1044 1013 apud

108 1040 312 1098 2exercitum
341 1040 504 1116 plurimum
533 1040 628 1099 valuit
657 1040 849 1099 auctoritete.
910 1043 1043 1098 Primum

145 1144 313 1219 imperetor
336 1144 419 1220 apud
444 1143 557 1202 flemen
586 1145 749 1220 Strymona
778 1153 908 1220 megnes
937 1143 1044 1220 copies

145 1247 302 1304 Threcum
327 1246 454 1323 fugavit,
478 1247 626 1322 oppidum
649 1246 861 1322 Amphipolim
883 1247 1044 1306 constituit

145 1357 245 1425 eoque
262 1349 369 1407 decem
384 1349 468 1406 milia
478 1350 715 1408 Atheniensium
731 1350 761 1407 in
777 1350 931 1408 coloniam
951 1351 1042 1409 misit.
1064 1373 1094 1407 10
1174 1379 1182 1400 ι

142 1447 235 1512 ldem
251 1452 361 1512 iterum
376 1453 459 1529 apud
485 1455 629 1532 Mycalen
655 1455 836 1532 Cypriorum
860 1463 891 1512 et
916 1455 1044 1513 Phoeni-

145 1576 215 1615 cum
246 1557 447 1615 ducenterum
477 1557 599 1615 navium
627 1558 757 1616 classem
783 1558 936 1615 devictam
963 1557 1044 1632 cepit

108 1666 126 1716 3
144 1660 319 1737 eodemque
335 1660 385 1719 die
400 1669 467 1736 pari
481 1660 604 1718 fortune
620 1661 651 1718 in
667 1670 747 1718 terre
763 1670 836 1718 risus
852 1671 907 1718 est.
953 1663 1043 1718 Nam-

145 1782 207 1839 que
222 1763 358 1822 hostium
374 1763 504 1822 nevibus
520 1772 618 1839 captis
634 1763 738 1821 statim
760 1783 798 1821 ex
818 1763 917 1820 classe
937 1764 1043 1838 cepies

146 1876 219 1926 sues
235 1867 340 1926 eduxit
355 1867 616 1943 barbarorumque
633 1868 795 1926 maximam
810 1868 872 1926 vim
890 1876 952 1926 imo
974 1887 1044 1926 con·
1064 1875 1093 1928 15

109 1977 128 2026 4
145 1980 238 2030 cursu
252 1970 427 2046 prestrevit.
472 1971 542 2044 Que
557 1971 686 2029 victorie
702 1980 813 2047 megna
830 1972 945 2047 praede
969 1981 1043 2047 poti-

145 2085 196 2133 tus
219 2093 290 2132 cum
312 2075 438 2132 domum
461 2082 670 2146 reverteretur,
688 2076 772 2150 quod
794 2074 854 2132 iam
877 2075 1043 2133 nonnullae

146 2178 266 2236 insulae
284 2186 409 2253 propter
424 2178 623 2235 acerbitatem
639 2176 747 2252 imperi
762 2178 947 2249 deiecerant,
964 2179 1043 2237 bene

146 2281 301 2339 animetes
324 2280 527 2352 confirmevit,
553 2280 702 2339 alienates
726 2281 766 2339 ad
788 2280 920 2339 officium
946 2282 1044 2339 redire

111 2391 128 2439 5
145 2384 256 2461 coegit.
303 2385 439 2461 Scyrum,
456 2402 547 2459 quam
563 2391 600 2442 eo
616 2392 752 2459 tempore
776 2382 914 2459 Dolopes
935 2384 1045 2443 incole·
1064 2403 1095 2436 20

145 2488 231 2560 bant,
260 2487 343 2563 quod
370 2486 581 2545 contumecius
612 2494 645 2545 se
670 2495 839 2563 gesserant,
862 2487 1043 2558 vacuefecit,

146 2598 287 2650 sessores
302 2596 421 2648 veteres
438 2590 511 2648 urbe
527 2590 689 2665 insulaque
705 2590 802 2662 eiecit,
820 2598 909 2665 agros
927 2590 1044 2648 civibus

147 2694 261 2753 divisit.
304 2692 438 2752 Thasios
450 2692 608 2768 opulentia
620 2694 716 2751 fretos
730 2701 786 2752 sue
799 2693 932 2751 adventu
944 2693 1043 2768 fregit.

148 2799 210 2856 His
226 2816 264 2855 ex
279 2788 433 2854 manubiis
456 2815 508 2853 arx
524 2795 724 2867 Athenerum,
741 2804 801 2871 quai
825 2797 864 2853 ad
887 2796 1044 2853 meridiem

147 2900 253 2978 vergit,
271 2908 318 2958 est
334 2906 451 2958 orneta.
906 2886 916 2895 ⁸
1064 2910 1094 2961 25

190 3128 201 3161 1
223 3112 355 3176 custodii,
369 3114 529 3160 vinculis-
541 3126 570 3176 15
588 3112 692 3175 eduxit,
707 3114 828 3173 exposuit.
837 3140 869 3147 -
882 3111 911 3159 16
927 3113 1046 3175 prestri-

148 3196 199 3263 vit,
210 3197 295 3261 fredit.
304 3224 338 3232 -
347 3210 376 3243 22
395 3196 522 3259 sessores,
536 3197 682 3243 incola's.—
692 3209 723 3257 23
741 3195 891 3259 opulentiis,
910 3195 1002 3256 opibus.
1012 3222 1045 3229 -

148 3278 240 3345 fregit,
254 3281 381 3342 oppressit.
391 3308 424 3315 —
435 3293 448 3326 2
453 3291 465 3343 5
483 3278 583 3343 vergit,
596 3280 683 3326 tendit.
