2492 3700
213 243 244 292 16
484 245 783 295 THEMISTOCLES.
817 245 841 294 8.

178 420 195 468 2
212 414 313 488 Argos
328 412 501 471 habitatum
516 414 680 473 concessit.
706 416 768 472 Hic
781 433 850 472 cum
861 423 987 490 propter
999 413 1111 471 multas

212 514 339 573 virtutes
356 524 468 591 magna
484 535 553 574 cum
569 516 720 593 dignitate
735 525 860 588 viveret,
872 511 1112 575 Lacedaemonii

212 617 331 694 legatus
346 619 488 676 Athenas
504 627 662 691 miserunt,
680 628 733 694 qui
754 638 824 677 eum
846 619 1007 677 absentem
1025 628 1111 676 accu-

212 729 325 792 sarent,
343 721 427 796 quod
450 721 631 780 societatem
654 741 723 780 cum
745 729 817 799 rege
840 724 931 779 Perse
955 722 996 780 ad
1018 722 1111 780 Grae

212 823 292 881 ciam
316 823 549 899 opprimendam
572 825 707 884 iecisset.
753 826 825 884 Hdc
847 824 974 882 crimine
996 825 1111 883 absens
1149 837 1164 890 5

178 933 195 982 3
212 926 396 1001 prdditidnis
413 927 578 986 damnatus
594 938 650 986 est.
697 927 735 986 Id
750 937 784 985 ut
800 927 925 999 audivit,
943 927 1027 1003 quod
1047 935 1110 986 ndn

213 1029 289 1087 satis
305 1038 403 1088 tutum
419 1037 452 1089 se
468 1033 559 1108 Argis
579 1031 714 1103 videbat,
733 1033 898 1108 Corcyram
919 1030 1109 1107 demigravit.

213 1132 262 1190 Ibi
285 1151 354 1190 cum
377 1132 443 1191 eius
465 1133 621 1209 principes
644 1133 913 1192 animadvertisset
938 1132 1044 1191 timere
1071 1141 1111 1192 ne

211 1244 337 1311 propter
356 1243 390 1294 se
410 1236 524 1295 bellum
545 1236 583 1295 iis
602 1236 843 1295 Lacedaemonii
857 1245 888 1294 et
904 1236 1112 1296 Athenienses

212 1337 391 1421 indicerent,
405 1339 445 1398 ad
461 1340 636 1411 Admetum,
651 1339 823 1399 Molossum
839 1347 949 1417 regem,
964 1359 1032 1398 cum
1048 1348 1111 1416 qud
1134 1362 1165 1396 10

178 1449 195 1498 4
212 1450 240 1499 ei
255 1441 423 1518 hospitium
438 1452 512 1515 erat,
529 1442 677 1519 cunfugit.
709 1444 782 1502 Huc
797 1461 866 1501 cum
881 1442 1018 1502 venisset
1032 1451 1064 1501 et
1078 1442 1112 1501 in

211 1544 387 1620 praesentia
416 1552 468 1603 rex
501 1546 635 1618 abesset,
659 1552 721 1622 qud
754 1544 868 1604 maiure
900 1545 1047 1622 religiune
1077 1553 1112 1604 se

212 1657 368 1724 receptum
391 1655 527 1706 tueretur
548 1647 646 1706 filiam
667 1648 734 1707 eius
755 1649 913 1725 parvulam
926 1648 1060 1724 adripuit
1080 1659 1113 1708 et

212 1769 282 1808 cum
308 1760 344 1809 ea
371 1758 404 1809 se
431 1751 462 1808 in
490 1751 665 1824 sacrarium,
690 1752 775 1828 quod
804 1760 923 1811 summa
951 1752 1113 1812 colebatur

212 1854 407 1928 caerimc'mia,
425 1854 566 1914 coniecit.
613 1856 691 1914 Inde
712 1863 772 1914 ndn
794 1855 878 1932 prius
899 1863 1040 1932 egressus
1063 1866 1111 1916 est
1134 1878 1167 1929 15

213 1976 305 2033 quam
321 1965 373 2017 rex
389 1977 458 2017 eum
475 1959 547 2017 data
564 1958 719 2031 dextram
735 1958 827 2016 fidem
843 1959 1000 2035 reciperet,
1018 1978 1112 2035 quam

112 2102 114 2107 .
178 2064 195 2112 5
212 2061 373 2135 praestitit.
412 2063 492 2119 Nam
509 2080 578 2119 cum
595 2062 634 2119 ab
651 2061 894 2121 AtheniEnsibus
910 2071 942 2120 et
957 2063 1111 2121 Lacedae·

213 2163 325 2222 moniis
341 2171 558 2239 exposceretur
574 2163 706 2240 publice,
718 2164 889 2240 supplicem
901 2172 964 2223 nun
975 2164 1112 2241 prodidit

213 2267 393 2342 monuitque
409 2276 442 2325 ut
457 2266 633 2325 cdnsuleret
648 2266 725 2326 sibi:
749 2266 872 2325 difficile
892 2267 974 2326 enim
993 2286 1063 2326 esse
1078 2268 1109 2325 in

213 2379 276 2427 tam
291 2377 465 2445 propinqus)
481 2369 550 2429 locs)
566 2377 633 2428 tut&
648 2388 717 2427 eum
733 2379 856 2429 versari.
902 2373 1012 2447 Itaque
1034 2371 1112 2449 Pyd·
1132 2390 1168 2426 κο

214 2493 286 2532 nam
301 2493 371 2531 eum
387 2474 498 2533 deduci
516 2473 605 2532 iussit
621 2482 653 2532 et
668 2473 752 2549 quod
775 2474 850 2532 satis
872 2483 956 2534 esset
976 2474 1113 2551 praesidi

179 2576 196 2625 6
214 2577 308 2635 dedit.
341 2577 449 2635 Hicin
466 2585 575 2635 navem
592 2576 736 2635 omnibus
752 2585 874 2653 igndtus
890 2587 992 2636 nautis
1007 2586 1112 2637 escen·

215 2680 267 2738 dit.
297 2679 385 2752 Quae
402 2698 470 2737 cum
487 2688 671 2755 tempestate
687 2678 819 2737 maxima
836 2682 958 2739 Naxum
973 2682 1110 2752 ferretur,

214 2782 267 2841 ubi
282 2792 346 2842 tum
360 2782 596 2841 Atheniensium
612 2791 678 2839 erat
693 2781 854 2853 exercitus
865 2783 962 2842 sensit
974 2783 1113 2843 Themis-

214 2885 320 2956 tocies,
339 2895 364 2943 si
380 2892 417 2943 ec')
434 2885 634 2961 pervenisset,
652 2884 712 2943 sibi
727 2904 796 2943 esse
812 2887 1011 2961 pereundum.
1041 2889 1113 2947 Hac
1134 2904 1168 2954 25

215 2988 401 3047 necessitate
425 2997 552 3046 coactus
575 2987 701 3046 dominu
724 2988 821 3059 navis,
843 2989 913 3064 quis
935 2990 983 3063 sit,
1004 2990 1112 3067 aperit,

180 3091 309 3150 ‘lmulta
331 3090 483 3167 pollicens
507 3099 532 3147 si
555 3097 588 3148 se
607 3098 830 3149 conservasset.
876 3094 919 3150 At
940 3092 990 3150 ille
1012 3093 1115 3152 claris-

257 3239 270 3273 2
287 3223 434 3287 dignitate,
448 3224 547 3270 honere.
557 3236 616 3281 -4
635 3223 802 3286 societitem,
808 3223 907 3286 foedus.
916 3225 974 3273 -8
992 3227 1115 3277 animad-

214 3308 352 3371 vertisset,
366 3308 557 3369 cagnam'sset.——
572 3318 601 3367 13
613 3306 743 3369 tueretur,
757 3307 905 3369 deffenderea
