2492 3700
200 202 232 254 70
498 204 705 252 naumann.
742 218 763 269 5,
777 204 799 253 6.

200 378 301 444 nitori,
328 371 415 430 dedit
440 372 542 430 verba.
589 372 732 447 Namque
758 372 895 430 obducta
921 378 1012 429 nocte
1039 388 1101 429 sar·

200 484 305 532 menta
333 473 364 530 in
394 474 538 532 cornibus
568 473 766 533 iuvencorum
796 473 931 550 deligata
960 473 1100 533 incendit

200 574 328 651 eiusque
349 576 472 653 generis
495 575 723 635 multitudinem
748 576 890 652 magnam
914 575 1099 652 dispalatam

200 677 334 737 immisit.
379 678 450 751 Quo
468 686 631 755 repentino
648 679 769 737 obiecto
785 688 852 737 visu
868 662 988 737 tantum
1006 686 1100 738 terro

199 800 261 838 rem
284 781 389 840 iniecit
410 782 556 841 exercitui
581 783 792 841 Romanorum
816 791 848 840 ut
880 781 985 858 egredi
1011 791 1099 841 extra
1139 799 1153 850 5

165 884 312 947 avillum
335 892 426 943 nemo
452 885 493 943 sit
519 904 622 944 ausus.
677 887 770 943 Hanc
795 895 866 961 post
890 904 953 943 rem
977 893 1099 961 gestam

199 993 261 1044 non
277 987 320 1045 ita
339 988 442 1046 multis
464 988 574 1047 diebus
598 990 642 1047 M.
661 988 831 1046 Minucium
857 988 981 1059 Rhium,
1005 988 1099 1063 magi-

199 1099 294 1148 strum
310 1090 446 1166 equiturn
462 1100 579 1166 pariae
595 1091 776 1150 dictatorern
792 1090 928 1166 imperio,
939 1084 1015 1148 'dolo
1031 1098 1098 1166 pro

199 1192 325 1251 ductum
337 1193 367 1250 in
380 1193 529 1269 proelium
540 1193 667 1270 fugavit.
712 1193 870 1253 Tiberium
882 1193 1098 1269 Sempronium

199 1296 381 1368 Gracchum,
399 1297 507 1355 iterum
530 1298 699 1371 consulem,
718 1298 749 1355 in
771 1300 905 1356 Lucinis
928 1298 1043 1355 absens
1065 1298 1098 1356 in
1119 1320 1151 1355 10

199 1398 327 1457 insidias
350 1399 509 1457 inductum
532 1400 665 1460 sustulit.
712 1402 754 1460 M.
779 1400 943 1461 Claudium
968 1399 1098 1457 Marcel-

199 1501 270 1573 lum,
284 1502 448 1578 quinquies
460 1503 627 1575 consulem,
642 1505 724 1580 apud
736 1504 905 1563 Venusiam
920 1514 986 1581 pari
1001 1505 1097 1564 modo

164 1604 359 1663 tinterfecit.
409 1607 549 1682 Longum
572 1615 620 1664 est
642 1607 746 1665 omnia
768 1615 946 1666 enumerare
968 1606 1095 1683 proelia.

199 1707 302 1780 Quare
319 1708 379 1766 hoc
398 1718 490 1766 imum
511 1709 585 1767 satis
605 1708 661 1768 erit
680 1709 805 1783 dictum,
823 1731 860 1769 ex
879 1718 940 1787 quo
957 1710 1097 1787 intellegi

198 1813 297 1888 possit
312 1824 446 1890 quantus
468 1814 519 1874 ille
540 1815 649 1875 fuerit:
684 1815 830 1892 quamdiu
854 1815 885 1874 in
912 1808 1001 1875 ltalia
1026 1815 1095 1888 fuit,
1119 1838 1150 1890 15

199 1923 289 1975 nemo
312 1927 339 1975 ei
363 1918 393 1974 in
417 1917 483 1977 acie
504 1906 625 1991 restitit,
648 1926 738 1978 nemo
761 1920 908 1977 adversus
931 1937 1000 1976 eurn
1023 1929 1097 1994 post

199 2021 395 2078 Cannensem
411 2031 545 2098 pugnam
561 2022 592 2078 in
608 2030 717 2098 campo
732 2031 833 2081 castra
849 2021 960 2098 posuit.

162 2129 185 2188 6
241 2123 325 2182 Hinc
341 2123 473 2183 invictus
486 2124 616 2200 patriam
628 2125 790 2184 defensum
803 2133 965 2184 revocatus
980 2125 1096 2182 bellum

196 2226 294 2302 gessit
312 2227 460 2286 adversus
478 2230 509 2285 P.
530 2227 716 2303 Scipionem,
734 2227 832 2285 lilium
852 2227 918 2286 eius
940 2225 1096 2302 Scipionis

198 2347 287 2404 quem
318 2330 384 2405 ipse
413 2338 511 2406 primo
541 2331 624 2406 apud
651 2331 847 2402 Rhodanum,
873 2330 982 2389 iterum
1012 2313 1097 2406 apud
1117 2355 1150 2388 20

164 2433 325 2505 2Padum‚
351 2428 442 2492 tertio
468 2433 550 2509 apud
576 2433 721 2492 Trebiam
747 2434 875 2510 fugarat.
931 2436 1008 2493 Cum
1035 2433 1096 2491 hoc

197 2536 356 2594 exhaustis
380 2537 441 2594 iarn
464 2537 582 2612 patriae
604 2536 804 2596 facultatibus
829 2536 944 2613 cupivit
967 2535 1096 2612 imprae-

197 2639 364 2697 sentiarum
384 2640 499 2698 bellum
520 2647 715 2716 componere,
734 2647 795 2715 quo
815 2639 966 2698 valentior
985 2647 1097 2715 postea

197 2743 441 2818 congrederetur.
495 2745 532 2799 In
551 2742 750 2820 conloquium
773 2742 937 2801 convenit:
961 2741 1097 2801 condici-

162 2853 273 2908 3ones
302 2853 364 2904 non
395 2853 613 2905 convenerunt.
677 2848 751 2904 Post
780 2845 812 2904 id
840 2846 957 2904 iactum
987 2854 1095 2921 paucis
1117 2867 1149 2918 ²5

197 2948 306 3008 diebus
329 2951 411 3025 apud
433 2952 557 3007 Zamam
580 2968 649 3007 cum
672 2949 781 3008 eodem
805 2949 959 3020 conflixit;
987 2948 1096 3024 pulsus

239 3114 252 3166 5
277 3103 377 3165 imerii,
397 3101 537 3151 exire-8
561 3102 632 3166 pari,
652 3102 825 3164 eodm-13
850 3102 1013 3165 inumerire,
1033 3117 1097 3150 com-

195 3191 425 3233 memorrIra—zz
444 3184 634 3248 facultitibus,
654 3186 729 3246 capiis
737 3199 748 3240 ,·
784 3183 1046 3248 impraesentiirum,
1066 3186 1095 3232 in

199 3270 354 3330 praesentiri.
