2492 3700
391 232 673 282 EPAMINONDAS.
709 247 732 295 7,
743 234 767 315 ξ.
995 238 1028 287 49

119 399 246 459 'diutius
280 399 456 458 retinuisset
490 419 582 476 quam
614 401 681 476 lege
712 402 908 476 praefinitum
938 404 1025 463 loret.

128 503 223 560 Hanc
240 501 471 578 Epaminandas
486 521 556 560 curn
574 513 619 561 rei
636 503 778 580 publicae
796 506 1027 566 conservandae

126 613 223 664 causa
239 605 331 662 latam
346 604 472 678 videret,
490 606 529 666 ad
544 606 713 682 perniciem
732 607 867 668 civitatis
888 610 1028 670 conferre

126 707 227 766 naluit
249 717 280 765 et
298 717 442 784 quattuor
461 710 620 768 mensibus
644 709 758 769 diatius
781 729 872 785 quam
895 712 1027 788 populus

126 812 269 884 iasserat,
285 813 381 889 gessit
400 814 568 893 imperium.
1063 833 1075 884 s

89 921 113 980 8
170 918 339 993 Postquam
355 917 480 976 domum
495 917 627 978 reditum
642 927 699 990 est,
716 918 864 994 conlegae
883 918 949 976 eius
968 919 1027 979 hac

125 1019 255 1077 crimine
289 1022 522 1080 accasabantur.
582 1021 704 1097 Quibus
735 1020 785 1078 ille
820 1020 959 1096 permisit
993 1031 1027 1080 ut

126 1140 252 1180 omnem
283 1141 407 1182 causam
439 1124 468 1180 in
499 1131 532 1182 se
559 1124 760 1184 transferrent
786 1131 903 1200 suaque
933 1133 1027 1199 opera

125 1225 244 1283 factum
260 1226 483 1285 contenderent
499 1236 532 1283 ut
553 1226 612 1302 legi
632 1233 695 1284 nan
717 1227 910 1285 oboedirent.
955 1227 1027 1302 Qua

126 1329 310 1387 delensiane
333 1329 392 1387 illis
416 1330 553 1405 pericula
576 1329 713 1388 liberatis
737 1336 828 1389 neme
843 1331 1027 1406 Epaminen-
1047 1355 1076 1389 ro

126 1432 200 1490 dam
221 1440 437 1509 responsurum
458 1433 597 1509 putabat,
615 1433 707 1509 quod,
727 1432 802 1510 quid
818 1433 941 1504 diceret,
963 1441 1026 1492 nen

90 1534 264 1594 ahaberet.
322 1538 363 1594 At
391 1535 440 1594 ilie
467 1535 497 1592 in
527 1534 673 1594 iudicium
699 1535 791 1607 venit,
818 1535 894 1593 nihil
920 1543 1026 1595 earum

126 1638 252 1714 negavit
277 1657 356 1714 quae
377 1638 544 1697 adversarii
566 1638 685 1696 crimini
712 1637 837 1710 dabant,
860 1639 1026 1715 omniaque

125 1761 206 1819 quae
230 1744 376 1821 conlegae
399 1745 548 1816 dixerant,
565 1743 728 1802 cenfessus
750 1753 798 1802 est
820 1761 921 1819 neque
945 1753 1026 1802 recri-

125 1846 208 1907 savit
230 1856 292 1925 qua
315 1850 417 1909 minus
439 1851 515 1927 legis
540 1868 672 1927 poenam
697 1850 822 1920 subiret,
850 1849 905 1908 sed
932 1858 1076 1923 imum15

124 1952 166 2010 ab
196 1951 234 2009 iis
263 1953 380 2028 petivit,
412 1962 445 2012 ut
481 1954 512 2012 in
546 1954 687 2031 sepulcra
717 1960 773 2012 sua
803 1952 1024 2011 inscriberent:

88 2056 390 2131 3“Epamin6ndas
419 2065 437 2115 a
469 2056 629 2116 Thebanis
664 2065 762 2115 morte
793 2055 939 2114 multatus
968 2065 1024 2127 est,

125 2158 211 2235 quod
234 2166 288 2217 eas
314 2159 415 2236 coegit
442 2161 523 2236 apud
547 2163 680 2219 Leuctra
703 2166 846 2236 superare
872 2157 1026 2217 Lacedae·

124 2265 257 2337 monitis,
282 2272 360 2341 quas
383 2274 454 2323 ante
479 2272 512 2325 se
535 2264 750 2342 imperatorem
773 2270 864 2323 nema
887 2264 1027 2323 Boeatia

88 2378 108 2426 4
124 2388 193 2427 rurn
209 2388 304 2427 ausus
319 2368 359 2427 sit
375 2369 515 2446 aspicere
531 2369 561 2427 in
579 2369 654 2440 acie,
672 2369 816 2444 quodque
831 2375 893 2427 rina
908 2367 1026 2444 proelia
1045 2389 1076 2424 20

125 2479 190 2531 nan
213 2472 311 2531 salum
336 2472 461 2531 Thebas
483 2473 523 2531 ab
547 2472 670 2531 interita
692 2470 827 2542 retraxit,
851 2471 906 2529 sed
932 2470 1026 2530 etiarn

124 2575 301 2635 universam
317 2576 480 2635 Graeciam
502 2575 533 2635 in
555 2576 728 2635 libertatem
743 2574 911 2633 vindicavit
926 2579 1025 2650 eaque

124 2688 175 2739 res
198 2686 398 2755 utrarumque
419 2678 561 2755 perdirxit
584 2687 618 2736 ut
640 2678 783 2737 Thebani
811 2679 952 2753 Spartam
975 2696 1026 2752 op-

125 2791 309 2861 pugnarent,
343 2780 584 2841 Lacedaemonii
610 2781 686 2839 satis
715 2781 864 2840 haberent
894 2790 921 2838 si
950 2780 1026 2838 salvi

89 2889 197 2945 besse
227 2894 365 2962 possent,
393 2902 494 2961 neque
524 2883 608 2960 prius
638 2883 752 2943 bellare
782 2882 901 2942 destitit
934 2901 1026 2958 quam
1045 2901 1075 2951 ²5

168 3089 182 3136 7
213 3074 349 3140 permisit,
379 3075 501 3123 concessit.
515 3086 575 3136 -9
604 3073 804 3135 contenderent,
828 3073 1026 3135 affirmarent,-

126 3158 293 3223 oboetlirent,
301 3162 509 3221 pararent—21
525 3155 650 3220 retraxit,
659 3156 898 3203 conservavit—22
912 3154 940 3203 in
948 3154 1028 3203 liber-

127 3242 214 3293 tatern
226 3239 391 3303 vindicavit,
405 3239 530 3286 aberravit.
540 3265 573 3273 -
584 3250 614 3303 ²5
632 3236 751 3301 destitit,
764 3238 909 3283 intermisit.
989 3241 992 3244 ·
