2492 3700
167 224 199 273 60
462 225 680 274 AGESILAUS.
716 239 774 288 st·

168 391 330 450 fefellisset
345 401 521 466 victumque
542 399 575 450 se
596 392 726 449 vidisset
748 391 886 463 consiliii,
912 399 980 449 sere
1003 401 1067 450 suis

167 494 322 570 praesidis)
348 495 505 569 profectus
532 504 589 553 est.
636 496 715 551 Nam
745 513 813 552 cum
844 494 897 553 ille
920 495 1066 567 venisset,

168 598 228 655 iam
250 597 413 673 Agesilaus
436 598 539 654 multis
563 598 639 657 locis
662 607 845 674 expegnetis
868 606 979 675 megne
1001 608 1068 657 erat
1145 652 1150 662 ,

134 701 283 777 epraede
308 709 432 776 potitus
479 703 563 759 Lace
593 710 696 759 autem
722 721 791 759 cum
817 695 935 759 videret
960 702 1067 760 hostes

168 803 307 879 equitate
337 811 490 879 superare,
521 822 687 879 numquam
718 804 749 861 in
780 812 890 880 campe
916 813 963 864 sui
992 805 1066 862 iecit
1106 821 1121 872 5

168 915 354 984 potestatem
383 915 414 964 et
444 906 481 965 iis
509 907 585 966 locis
613 927 736 965 manum
768 907 924 967 censeruit
954 908 1067 984 quibus

168 1011 237 1087 ples
257 1010 417 1087 pedestres
438 1010 547 1085 cepiae
564 1011 709 1069 valerent.
756 1011 877 1087 Pepulit
895 1018 976 1088 erge,
994 1031 1068 1086 qud

169 1114 382 1190 tienscumque
405 1132 589 1189 congressus
612 1125 667 1184 est,
691 1115 787 1172 multe
809 1114 940 1173 meieres
963 1115 1068 1172 adver-

170 1217 316 1275 sarierum
346 1216 452 1292 copias
482 1226 513 1274 et
544 1227 588 1275 sic
617 1217 649 1274 in
682 1217 757 1276 Asie
787 1225 927 1276 versetus
956 1228 1004 1275 est
1033 1228 1068 1277 ut

169 1319 305 1377 omnium
322 1319 467 1395 opiniene
484 1329 581 1380 victor
596 1321 766 1379 deiceretur.
1091 1361 1122 1395 10

132 1429 156 1486 4
212 1425 275 1480 Hic
304 1441 372 1480 curn
403 1422 462 1480 iam
493 1423 595 1482 anime
626 1423 824 1482 meditaretur
853 1425 1007 1499 proficisci
1036 1423 1067 1481 in

172 1530 281 1584 Perses
307 1535 337 1583 et
364 1525 464 1601 ipsum
490 1533 592 1601 regem
620 1525 741 1598 adoriri,
768 1527 895 1585 nentius
921 1536 949 1584 ei
975 1526 1069 1585 dome

171 1629 253 1688 venit
290 1629 473 1705 ephororum
511 1638 607 1687 missit
650 1629 764 1687 bellum
795 1629 1001 1688 Athenienses
1037 1639 1069 1688 et

172 1732 315 1791 Boeeties
348 1731 497 1790 indixisse
529 1732 804 1813 Lacedaemonii&
842 1739 935 1808 quare
964 1741 1068 1790 venire

136 1839 153 1889 2
170 1842 208 1895 ne
224 1835 387 1895 dubiteret.
434 1838 471 1894 In
492 1835 551 1894 hec
574 1842 636 1894 nen
657 1835 759 1894 minus
774 1835 840 1895 eius
855 1836 955 1912 pietas
971 1835 1068 1911 suspi-
1091 1860 1122 1910 ¹5

170 1940 280 1998 cienda
307 1949 355 1997 est
383 1957 475 2015 quam
502 1939 597 1997 virttis
621 1938 752 1997 bellica:
786 1949 839 2015 qui
866 1957 934 1997 curn
961 1946 1069 1998 victeri

170 2053 328 2119 praeesset
350 2042 496 2101 exercitui
520 2041 745 2117 maximamque
770 2042 897 2101 haberet
922 2042 1069 2101 fidnciam

172 2154 256 2223 regni
280 2148 441 2205 Perserum
461 2145 611 2221 potiundI,
630 2153 716 2203 tanta
739 2145 891 2203 modestia
912 2145 996 2204 dicte
1019 2164 1069 2203 au-

172 2250 260 2309 diens
288 2248 347 2307 fuit
380 2248 471 2308 iessis
504 2247 679 2307 absentium
708 2247 940 2324 magistratuum
975 2258 1009 2307 ut
1043 2257 1070 2307 si

172 2362 307 2429 privetus
323 2353 354 2410 in
370 2351 494 2412 comitie
510 2361 593 2410 esset
610 2352 746 2427 Spartae.
786 2350 881 2410 Cr'rius
896 2352 1069 2427 exemplum
1091 2373 1125 2407 20

137 2457 288 2514 3utinam
311 2456 510 2532 impereteres
537 2463 635 2513 nostri
663 2463 751 2528 sequi
777 2453 963 2512 voluissent!
1008 2455 1071 2513 Sed

173 2560 243 2617 illsrc
279 2559 450 2617 redeemus
509 2557 682 2634 Agesilaus·
707 2556 943 2633 opulentissime
976 2564 1071 2633 regne

172 2661 349 2738 praeposuit
374 2662 488 2721 bonam
514 2659 773 2719 existimetienem
801 2660 959 2736 multeque
981 2658 1072 2737 'gleri-

173 2764 257 2825 (isius
278 2764 371 2835 deurit,
395 2772 420 2821 si
444 2764 592 2822 institntis
616 2762 733 2839 patriae
756 2763 917 2839 paruisset,
935 2781 1027 2837 quarn
1045 2773 1072 2821 si

214 2960 230 3008 6
253 2974 365 3010 manum
383 2958 527 3022 censemit,
547 2958 675 3019 proelium
698 2958 913 3004 commisit-10
936 2956 1072 3020 opinitne,

173 3044 301 3091 sententia'.
310 3071 343 3079 —
354 3056 378 3090 11
401 3042 585 3104 mediffiretur,
607 3042 732 3103 cegitdret.
743 3068 777 3074 -
786 3052 814 3086 12
833 3039 941 3102 adoriri,
962 3040 1073 3101 degredi.

173 3140 245 3192 -15
272 3126 444 3190 suspicienda
467 3127 519 3188 est,
541 3124 698 3171 admiranda
718 3122 839 3170 esa—18
865 3122 938 3173 dicte
960 3122 1074 3173 audiena

175 3208 239 3273 tuit,
267 3210 448 3273 paruit-21
486 3207 573 3269 sequi,
603 3206 795 3268 imitari-23
829 3204 1074 3271 existimationem,

175 3294 288 3355 frimam.
