2492 3700
397 263 695 312 runmsrocuus.
734 276 756 319 2,
770 277 793 326 3,
807 278 829 322 4.
1030 262 1059 312 11

163 409 234 491 esse
258 430 413 508 Apollinis
436 441 469 489 ut
491 431 521 488 in
545 437 641 490 naves
668 438 701 490 se
726 449 842 506 suaque
865 431 1060 491 conferrent:

129 547 234 596 8eu1n
255 533 336 592 enim
355 543 373 593 a
392 535 452 594 dea
475 533 641 610 significari
663 542 782 594 murum
804 533 946 610 ligneum.
992 533 1061 592 Tali

163 636 294 696 censilio
309 637 441 712 probate
456 635 576 694 addunt
587 635 626 694 ad
639 634 812 712 superieres
825 635 954 695 totidem
966 643 1061 696 naves
1075 681 1079 686 ν

163 740 311 810 triremes,
325 757 442 815 suaque
454 738 557 796 omnia
569 757 650 814 quae
662 745 777 797 moveri
788 748 939 814 poterant,
949 739 1061 815 partim

165 842 331 913 Salamina,
347 840 458 916 partim
473 842 633 899 Troezena
649 841 830 916 deportant:
847 860 948 900 arcem
963 860 1061 900 sacer·
1098 859 1111 911 5

163 944 291 1004 datibus
312 953 481 1020 paucisque
504 943 672 1003 maieribus
694 952 768 1002 natu
789 944 829 1002 ad
848 963 936 1003 sacra
955 953 1060 1021 precu-

163 1048 262 1106 randa
276 1046 410 1119 tradunt,
427 1045 578 1123 reliquum
593 1045 742 1122 oppidum
757 1046 941 1123 relinquunt.

123 1151 147 1210 3
208 1150 310 1209 Huius
325 1149 488 1210 censilium
503 1150 658 1236 plerisque
678 1149 854 1209 civitatibus
877 1148 1062 1227 displicebat

163 1264 196 1312 et
218 1254 250 1311 in
272 1262 352 1313 terra
374 1253 513 1312 dimicari
534 1253 633 1330 magis
652 1253 803 1329 placebat.
849 1256 959 1332 Itaque
975 1264 1061 1314 missi

165 1367 239 1416 sunt
258 1357 369 1416 delecti
391 1375 461 1414 cum
481 1356 630 1428 Leanida,
648 1357 964 1417 Lacedaemoniarum
979 1366 1059 1435 rege,
1082 1383 1111 1417 10
1131 1339 1138 1346 ⁶

165 1469 218 1537 qui
241 1459 464 1538 Thermopylas
490 1468 679 1535 occuparent
704 1459 888 1537 longiusque
911 1463 1061 1522 barbaras

164 1563 307 1641 pregredi
322 1569 384 1622 nen
400 1570 586 1638 paterentur.
626 1565 653 1620 Ii
669 1561 729 1621 vim
743 1563 880 1622 hostium
895 1571 957 1624 nen
973 1564 1061 1623 susti-

129 1673 298 1725 2nuerunt
319 1673 418 1746 eaque
441 1666 510 1726 loce
530 1676 638 1727 omnes
661 1669 850 1730 interierunt.
895 1673 937 1729 At
952 1669 1061 1729 classis

164 1771 336 1830 communis
365 1771 514 1830 Graeciae
547 1783 752 1832 trecentarum
782 1773 915 1846 navium,
943 1773 975 1831 in
1000 1781 1062 1850 qua

165 1876 318 1947 ducentae
340 1884 428 1934 erant
449 1877 695 1950 Atheniensium,
716 1887 848 1955 primum
871 1878 954 1954 apud
976 1880 1062 1936 Arte·
1082 1899 1111 1951 15

165 1978 288 2037 misium
303 1978 384 2037 inter
400 1980 557 2039 Euboeam
578 1981 850 2058 continentemque
866 1991 977 2040 terram
992 1998 1062 2039 cum

165 2082 332 2142 classiariis
354 2083 446 2160 regiis
468 2065 614 2144 cenflixit.
660 2085 829 2161 Angustias
844 2084 926 2142 enim
942 2082 1064 2142 Themi-

131 2187 148 2237 3
166 2186 280 2245 stocles
297 2187 474 2262 quaerebat,
491 2194 530 2245 ne
545 2186 741 2246 multitudine
756 2188 973 2246 circumiretur.
1000 2188 1063 2243 Hic
1104 2188 1108 2193 ’

108 2331 111 2337 ·
166 2298 226 2347 etsi
240 2298 306 2364 pari
320 2289 437 2365 proelia
452 2290 669 2361 discesserant,
681 2299 785 2348 tamen
797 2292 906 2350 eedem
919 2289 988 2349 loce
1000 2296 1063 2348 nen

167 2401 240 2451 sunt
262 2402 329 2451 ausi
351 2400 483 2464 manere,
500 2394 583 2469 quod
606 2403 671 2451 erat
691 2394 860 2469 periculum
879 2401 926 2465 ne,
944 2402 970 2452 si
991 2411 1063 2468 pars
1082 2413 1113 2447 20

166 2494 291 2553 navium
307 2495 550 2555 adversariarum
564 2497 722 2555 Euboeam
737 2505 923 2572 superasset,
937 2495 1064 2571 ancipiti

132 2603 149 2650 4
166 2608 378 2673 premerentur
399 2599 543 2675 periculo.
589 2600 661 2673 Qua
680 2600 796 2658 factum
812 2608 859 2658 est
875 2608 908 2657 ut
923 2600 962 2657 ab
978 2602 1065 2657 Arte·

166 2700 257 2760 misia
287 2700 483 2760 discederent
512 2711 543 2761 et
572 2703 774 2761 exadversum
807 2702 949 2760 Athenas
982 2702 1064 2778 apud

168 2804 326 2863 Salamina
341 2804 472 2863 classem
488 2823 575 2862 suam
591 2804 823 2864 censtituerent.

127 2905 152 2962 4
210 2909 253 2966 At
289 2909 407 2966 Xerxes
444 2908 659 2985 Thermopylis
699 2916 881 2985 expugnatis
923 2907 1064 2983 pretinus
1084 2925 1114 2976 ²5

168 3008 301 3069 accessit
316 3019 385 3069 astri
400 3010 503 3086 idque,
520 3011 612 3069 nullis
628 3011 877 3082 defendentibus,
894 3009 1064 3069 interfectis

208 3176 223 3226 3
234 3162 397 3227 superieres,
403 3164 512 3223 prieris.
520 3190 554 3196 -
564 3176 589 3209 11
605 3164 775 3227 occuparent,
786 3168 944 3210 tenerent—
954 3175 982 3211 12
994 3163 1063 3227 vim,

167 3246 435 3306 multe'tredinem.—-17
444 3244 601 3308 classiariis,
609 3248 685 3307 capiis
692 3244 1063 3308 navalz'bus.-18quaerebat,

162 3328 268 3389 petebat.
277 3355 311 3363 -
320 3327 513 3391 circumiretur,
529 3327 697 3375 clauderetur.
708 3354 741 3363 —
751 3326 783 3375 26
794 3325 957 3389 interfectis,
970 3331 1063 3373 occare.
