2492 3700
465 659 752 747 AGESILAUS.

117 911 141 970 1
201 915 386 970 Aosssrmius
411 912 676 971 Lacedaemonius
698 931 768 971 cum
790 923 808 971 a
832 921 941 972 ceteris
964 924 1056 991 scrip

157 1015 286 1086 toribus,
297 1025 362 1074 turn
374 1015 483 1074 eximie
498 1025 516 1074 ᾱ
532 1017 742 1091 Xenophonte
760 1017 918 1076 Socratice
934 1017 1055 1076 conlau-

121 1131 139 1180 2
157 1119 250 1176 datus
274 1130 338 1177 est:
364 1126 401 1177 eo
423 1118 504 1176 enim
527 1129 601 1177 risus
623 1128 671 1178 est
692 1119 938 1178 familiarissime.
993 1123 1056 1178 Hic

157 1231 290 1297 primum
321 1222 360 1280 de
393 1229 487 1298 regne
519 1241 588 1281 cum
618 1223 818 1300 Leotychide,
847 1223 950 1281 fretris
979 1224 1053 1294 lilio,

156 1325 267 1383 habuit
282 1325 522 1385 contentionem.
568 1327 641 1383 Mes
663 1335 728 1383 erat
751 1325 867 1384 enimet
887 1326 1055 1386 mitioribus
1091 1357 1104 1407 5

158 1428 415 1488 Lacedaemoniis
441 1427 571 1487 traditus
596 1438 629 1486 ut
655 1429 733 1486 dues
760 1429 909 1487 haberent
935 1448 1055 1506 semper

155 1539 254 1609 regeS,
272 1532 396 1592 nemine
418 1532 523 1608 magis
539 1551 631 1608 quam
654 1532 790 1607 imperio,
812 1551 849 1590 ex
870 1533 991 1592 duribus
1011 1535 1055 1590 la-

156 1636 250 1695 miliis
273 1637 372 1695 Procli
394 1646 424 1694 et
448 1635 659 1712 Eurystheum,
678 1645 730 1711 qui
753 1636 907 1713 principes
930 1654 967 1694 ex
989 1644 1054 1712 pre

119 1740 246 1816 3genie
271 1739 416 1799 Herculis
440 1741 567 1814 Spartae
589 1745 677 1814 reges
698 1739 829 1797 luerunt.
876 1741 996 1798 Horum
1016 1759 1054 1797 ex

154 1842 253 1903 altere
274 1843 306 1902 in
325 1844 449 1904 alterius
469 1827 603 1900 familiae
626 1841 726 1900 locum
748 1842 813 1900 fieri
835 1850 898 1901 nen
921 1842 1052 1902 licebat:
1074 1872 1103 1906 10

154 1946 199 2005 ita
215 1957 345 2023 utraque
361 1967 449 2006 suum
466 1947 616 2005 retinebat
633 1946 781 2004 ordinem.
827 1949 960 2003 Primum
976 1947 1054 2005 ratio

154 2051 328 2110 habebitur
350 2060 402 2127 qui
424 2051 574 2110 miximus
599 2059 675 2109 netu
697 2060 779 2108 esset
801 2068 839 2107 ex
861 2050 964 2108 liberis
988 2050 1054 2109 eius

154 2163 208 2229 qui
231 2161 364 2231 regnans
386 2154 593 2225 decessisset3
617 2153 665 2211 sin
681 2153 706 2210 is
722 2153 837 2211 virilem
861 2171 966 2210 sexum
989 2161 1052 2211 non

154 2258 339 2333 reliquisset,
357 2267 421 2317 tum
438 2258 629 2333 deligebatur
644 2266 696 2331 qui
719 2256 874 2332 proximus
890 2266 973 2315 esset
988 2276 1054 2333 pro

117 2367 136 2415 4
153 2361 337 2437 pinquitate.
384 2364 525 2420 Mortuus
544 2372 609 2420 erat
626 2349 702 2439 [igis
718 2354 778 2432 rex,
792 2362 885 2419 freter
901 2361 1052 2437 Agesilai:
1074 2385 1101 2436 ¹5

152 2464 254 2523 filium
277 2466 441 2541 reliquerat
465 2466 695 2543 Leotychidem.
749 2466 848 2537 Quem
873 2465 923 2523 ille
947 2474 1051 2522 natum

151 2574 217 2627 non
241 2576 378 2645 ignorat,
403 2569 534 2627 eundem
560 2569 693 2627 moriens
718 2587 804 2625 suum
831 2587 898 2626 esse
925 2568 1050 2626 dixerat.

153 2674 186 2729 Is
208 2672 247 2730 de
267 2672 384 2731 honore
404 2679 490 2747 regni
510 2691 579 2729 cum
599 2672 753 2747 Agesilao,
772 2679 880 2747 patruo
901 2679 965 2742 sue,
983 2691 1052 2729 con-

116 2782 133 2829 5
151 2774 261 2847 tendit,
276 2794 377 2850 neque
393 2774 424 2832 id
441 2775 523 2848 quod
539 2775 655 2850 petivit,
670 2782 854 2832 consecutus
870 2785 925 2832 est.
972 2777 1052 2831 Nam

196 2952 208 2986 2
222 2938 330 3003 eximie,
339 2940 524 2999 praecipue-
531 2950 544 3001 5
557 2938 767 3000 contentlitnem,
776 2936 967 2985 certamem—8
981 2937 1054 3000 prin-

150 3023 235 3086 cipes,
255 3026 426 3084 primi-13
444 3020 551 3069 virilem
569 3033 674 3082 sexum,
688 3021 837 3082 filium-
848 3033 878 3081 19
895 3021 1052 3069 consecutus

150 3106 204 3169 est,
217 3106 371 3167 impetravit.
