<?xml version="1.0" encoding="UTF-8"?>
<!DOCTYPE html PUBLIC "-//W3C//DTD XHTML 1.0 Transitional//EN"
    "http://www.w3.org/TR/xhtml1/DTD/xhtml1-transitional.dtd">
<html xmlns="http://www.w3.org/1999/xhtml" xml:lang="en" lang="en">
 <head>
  <title>
</title>
<meta http-equiv="Content-Type" content="text/html;charset=utf-8" />
  <meta name='ocr-system' content='tesseract 3.04.00' />
  <meta name='ocr-capabilities' content='ocr_page ocr_carea ocr_par ocr_line ocrx_word'/>
</head>
<body>
  <div class='ocr_page' id='page_1' title='image "./selectedlivesfr03nepogoog_0055.png"; bbox 0 0 2492 3700; ppageno 0'>
   <div class='ocr_carea' id='block_1_1' title="bbox 424 271 1038 336">
    <p class='ocr_par' dir='ltr' id='par_1_1' title="bbox 424 271 1038 336">
     <span class='ocr_line' id='line_1_1' title="bbox 424 271 1038 336; baseline 0.003 -17"><span class='ocrx_word' id='word_1_1' title='bbox 424 271 658 320; x_wconf 79' lang='lat' dir='ltr'>ALCIBIADES.</span> <span class='ocrx_word' id='word_1_2' title='bbox 695 286 717 329; x_wconf 85' lang='lat'>2,</span> <span class='ocrx_word' id='word_1_3' title='bbox 730 286 753 336; x_wconf 86' lang='lat'>3.</span> <span class='ocrx_word' id='word_1_4' title='bbox 1006 271 1038 321; x_wconf 85' lang='lat'>31</span> 
     </span>
    </p>
   </div>
   <div class='ocr_carea' id='block_1_2' title="bbox 97 436 1089 928">
    <p class='ocr_par' dir='ltr' id='par_1_2' title="bbox 138 436 1040 822">
     <span class='ocr_line' id='line_1_2' title="bbox 140 436 1039 516; baseline 0.004 -22"><span class='ocrx_word' id='word_1_5' title='bbox 140 436 363 513; x_wconf 85' lang='lat' dir='ltr'>Hipponicum,</span> <span class='ocrx_word' id='word_1_6' title='bbox 394 439 531 497; x_wconf 92' lang='lat' dir='ltr'>omnium</span> <span class='ocrx_word' id='word_1_7' title='bbox 560 440 681 499; x_wconf 71' lang='lat' dir='ltr'>Graeca</span> <span class='ocrx_word' id='word_1_8' title='bbox 710 439 814 516; x_wconf 67' lang='lat' dir='ltr'>lingue</span> <span class='ocrx_word' id='word_1_9' title='bbox 848 439 1039 516; x_wconf 90' lang='lat' dir='ltr'>loquentium</span> 
     </span>
     <span class='ocr_line' id='line_1_3' title="bbox 139 539 1040 619; baseline 0.002 -21"><span class='ocrx_word' id='word_1_10' title='bbox 139 539 335 614; x_wconf 89' lang='lat' dir='ltr'>ditissimum,</span> <span class='ocrx_word' id='word_1_11' title='bbox 352 551 394 615; x_wconf 91' lang='lat' dir='ltr'>ut,</span> <span class='ocrx_word' id='word_1_12' title='bbox 414 551 441 600; x_wconf 87' lang='lat' dir='ltr'>si</span> <span class='ocrx_word' id='word_1_13' title='bbox 466 541 533 618; x_wconf 92' lang='lat' dir='ltr'>ipse</span> <span class='ocrx_word' id='word_1_14' title='bbox 558 543 675 619; x_wconf 86' lang='lat' dir='ltr'>fingere</span> <span class='ocrx_word' id='word_1_15' title='bbox 700 543 801 614; x_wconf 89' lang='lat' dir='ltr'>vellet,</span> <span class='ocrx_word' id='word_1_16' title='bbox 825 561 926 619; x_wconf 90' lang='lat' dir='ltr'>neque</span> <span class='ocrx_word' id='word_1_17' title='bbox 951 543 1040 618; x_wconf 81' lang='lat' dir='ltr'>plura</span> 
     </span>
     <span class='ocr_line' id='line_1_4' title="bbox 138 643 1040 722; baseline 0 -19"><span class='ocrx_word' id='word_1_18' title='bbox 138 644 225 703; x_wconf 85' lang='lat' dir='ltr'>bona</span> <span class='ocrx_word' id='word_1_19' title='bbox 255 643 446 703; x_wconf 79' lang='lat' dir='ltr'>comminisci</span> <span class='ocrx_word' id='word_1_20' title='bbox 477 664 578 722; x_wconf 89' lang='lat' dir='ltr'>neque</span> <span class='ocrx_word' id='word_1_21' title='bbox 608 646 725 705; x_wconf 75' lang='lat' dir='ltr'>maiora</span> <span class='ocrx_word' id='word_1_22' title='bbox 753 656 861 722; x_wconf 90' lang='lat' dir='ltr'>posset</span> <span class='ocrx_word' id='word_1_23' title='bbox 889 654 1040 722; x_wconf 77' lang='lat' dir='ltr'>consequi</span> 
     </span>
     <span class='ocr_line' id='line_1_5' title="bbox 139 747 795 822; baseline 0.006 -18"><span class='ocrx_word' id='word_1_24' title='bbox 139 765 233 822; x_wconf 88' lang='lat' dir='ltr'>quarn</span> <span class='ocrx_word' id='word_1_25' title='bbox 247 747 296 805; x_wconf 91' lang='lat' dir='ltr'>vel</span> <span class='ocrx_word' id='word_1_26' title='bbox 312 756 421 806; x_wconf 71' lang='lat' dir='ltr'>natura</span> <span class='ocrx_word' id='word_1_27' title='bbox 436 748 485 806; x_wconf 91' lang='lat' dir='ltr'>vel</span> <span class='ocrx_word' id='word_1_28' title='bbox 500 748 625 808; x_wconf 76' lang='lat' dir='ltr'>fortuna</span> <span class='ocrx_word' id='word_1_29' title='bbox 639 749 795 808; x_wconf 86' lang='lat' dir='ltr'>tribueret.</span> 
     </span>
    </p>

    <p class='ocr_par' dir='ltr' id='par_1_3' title="bbox 97 849 1089 928">
     <span class='ocr_line' id='line_1_6' title="bbox 97 849 1089 928; baseline -0.001 -18"><span class='ocrx_word' id='word_1_30' title='bbox 97 851 121 910; x_wconf 86' lang='grc'>3</span> <span class='ocrx_word' id='word_1_31' title='bbox 182 849 267 908; x_wconf 83' lang='lat' dir='ltr'>Bello</span> <span class='ocrx_word' id='word_1_32' title='bbox 283 850 512 927; x_wconf 77' lang='lat' dir='ltr'>Peloponnesio</span> <span class='ocrx_word' id='word_1_33' title='bbox 533 852 623 910; x_wconf 78' lang='lat' dir='ltr'>huius</span> <span class='ocrx_word' id='word_1_34' title='bbox 644 852 775 911; x_wconf 74' lang='lat' dir='ltr'>consilio</span> <span class='ocrx_word' id='word_1_35' title='bbox 795 861 887 928; x_wconf 90' lang='lat' dir='ltr'>atque</span> <span class='ocrx_word' id='word_1_36' title='bbox 911 851 1039 912; x_wconf 76' lang='lat' dir='ltr'>auctori·</span> <span class='ocrx_word' id='word_1_37' title='bbox 1075 864 1089 917; x_wconf 85' lang='lat'>5</span> 
     </span>
    </p>
   </div>
   <div class='ocr_carea' id='block_1_3' title="bbox 72 1057 1144 2889">
    <p class='ocr_par' dir='ltr' id='par_1_4' title="bbox 140 1057 1040 1135">
     <span class='ocr_line' id='line_1_7' title="bbox 140 1057 1040 1135; baseline 0.004 -22"><span class='ocrx_word' id='word_1_38' title='bbox 140 1057 224 1132; x_wconf 92' lang='lat' dir='ltr'>quod</span> <span class='ocrx_word' id='word_1_39' title='bbox 238 1059 407 1134; x_wconf 86' lang='lat' dir='ltr'>gerendum</span> <span class='ocrx_word' id='word_1_40' title='bbox 423 1058 488 1135; x_wconf 92' lang='lat' dir='ltr'>ipse</span> <span class='ocrx_word' id='word_1_41' title='bbox 504 1059 567 1117; x_wconf 89' lang='lat' dir='ltr'>dux</span> <span class='ocrx_word' id='word_1_42' title='bbox 583 1058 720 1117; x_wconf 74' lang='lat' dir='ltr'>delectus</span> <span class='ocrx_word' id='word_1_43' title='bbox 732 1067 788 1130; x_wconf 85' lang='lat' dir='ltr'>est,</span> <span class='ocrx_word' id='word_1_44' title='bbox 802 1059 864 1117; x_wconf 93' lang='lat' dir='ltr'>duo</span> <span class='ocrx_word' id='word_1_45' title='bbox 880 1067 1040 1135; x_wconf 63' lang='lat' dir='ltr'>praeterea</span> 
     </span>
    </p>

    <p class='ocr_par' dir='ltr' id='par_1_5' title="bbox 103 1160 1091 1548">
     <span class='ocr_line' id='line_1_8' title="bbox 103 1160 1040 1238; baseline -0.003 -16"><span class='ocrx_word' id='word_1_46' title='bbox 103 1173 121 1222; x_wconf 85' lang='lat'>2</span> <span class='ocrx_word' id='word_1_47' title='bbox 139 1160 287 1237; x_wconf 78' lang='lat' dir='ltr'>conlegae</span> <span class='ocrx_word' id='word_1_48' title='bbox 302 1162 375 1234; x_wconf 85' lang='lat' dir='ltr'>dati,</span> <span class='ocrx_word' id='word_1_49' title='bbox 388 1161 495 1221; x_wconf 86' lang='lat' dir='ltr'>Nicias</span> <span class='ocrx_word' id='word_1_50' title='bbox 510 1171 541 1220; x_wconf 89' lang='lat' dir='ltr'>et</span> <span class='ocrx_word' id='word_1_51' title='bbox 557 1162 740 1220; x_wconf 86' lang='lat' dir='ltr'>Lamachus.</span> <span class='ocrx_word' id='word_1_52' title='bbox 776 1161 814 1220; x_wconf 95' lang='lat' dir='ltr'>Id</span> <span class='ocrx_word' id='word_1_53' title='bbox 829 1181 898 1220; x_wconf 91' lang='lat' dir='ltr'>cum</span> <span class='ocrx_word' id='word_1_54' title='bbox 914 1171 1040 1238; x_wconf 76' lang='lat' dir='ltr'>appara·</span> 
     </span>
     <span class='ocr_line' id='line_1_9' title="bbox 140 1264 1040 1342; baseline 0.003 -21"><span class='ocrx_word' id='word_1_55' title='bbox 140 1270 231 1335; x_wconf 76' lang='lat' dir='ltr'>retur,</span> <span class='ocrx_word' id='word_1_56' title='bbox 245 1264 329 1340; x_wconf 90' lang='lat' dir='ltr'>prius</span> <span class='ocrx_word' id='word_1_57' title='bbox 346 1284 438 1342; x_wconf 83' lang='lat' dir='ltr'>quam</span> <span class='ocrx_word' id='word_1_58' title='bbox 454 1265 563 1324; x_wconf 89' lang='lat' dir='ltr'>classis</span> <span class='ocrx_word' id='word_1_59' title='bbox 579 1275 684 1336; x_wconf 86' lang='lat' dir='ltr'>exiret,</span> <span class='ocrx_word' id='word_1_60' title='bbox 698 1265 811 1323; x_wconf 86' lang='lat' dir='ltr'>accidit</span> <span class='ocrx_word' id='word_1_61' title='bbox 827 1275 861 1324; x_wconf 94' lang='lat' dir='ltr'>ut</span> <span class='ocrx_word' id='word_1_62' title='bbox 875 1274 937 1324; x_wconf 75' lang='lat' dir='ltr'>ima</span> <span class='ocrx_word' id='word_1_63' title='bbox 949 1275 1040 1324; x_wconf 89' lang='lat' dir='ltr'>nocte</span> 
     </span>
     <span class='ocr_line' id='line_1_10' title="bbox 141 1368 1091 1446; baseline -0.002 -22"><span class='ocrx_word' id='word_1_64' title='bbox 141 1374 248 1426; x_wconf 77' lang='lat' dir='ltr'>omnes</span> <span class='ocrx_word' id='word_1_65' title='bbox 268 1368 392 1427; x_wconf 90' lang='lat' dir='ltr'>hermae</span> <span class='ocrx_word' id='word_1_66' title='bbox 413 1377 466 1446; x_wconf 94' lang='lat' dir='ltr'>qui</span> <span class='ocrx_word' id='word_1_67' title='bbox 487 1369 519 1427; x_wconf 90' lang='lat' dir='ltr'>in</span> <span class='ocrx_word' id='word_1_68' title='bbox 539 1369 656 1445; x_wconf 75' lang='lat' dir='ltr'>oppido</span> <span class='ocrx_word' id='word_1_69' title='bbox 677 1380 766 1428; x_wconf 89' lang='lat' dir='ltr'>erant</span> <span class='ocrx_word' id='word_1_70' title='bbox 786 1369 926 1442; x_wconf 74' lang='lat' dir='ltr'>Athenis,</span> <span class='ocrx_word' id='word_1_71' title='bbox 943 1369 1041 1428; x_wconf 80' lang='lat' dir='ltr'>deice·</span> <span class='ocrx_word' id='word_1_72' title='bbox 1061 1389 1091 1423; x_wconf 88' lang='lat' dir='ltr'>ro</span> 
     </span>
     <span class='ocr_line' id='line_1_11' title="bbox 140 1471 1041 1548; baseline 0.004 -22"><span class='ocrx_word' id='word_1_73' title='bbox 140 1479 246 1528; x_wconf 88' lang='lat' dir='ltr'>rentur</span> <span class='ocrx_word' id='word_1_74' title='bbox 267 1481 388 1546; x_wconf 86' lang='lat' dir='ltr'>praeter</span> <span class='ocrx_word' id='word_1_75' title='bbox 414 1481 516 1543; x_wconf 81' lang='lat' dir='ltr'>unum,</span> <span class='ocrx_word' id='word_1_76' title='bbox 543 1480 683 1548; x_wconf 90' lang='lat' dir='ltr'>quiante</span> <span class='ocrx_word' id='word_1_77' title='bbox 707 1471 830 1530; x_wconf 75' lang='lat' dir='ltr'>ianuam</span> <span class='ocrx_word' id='word_1_78' title='bbox 854 1481 920 1530; x_wconf 88' lang='lat' dir='ltr'>erat</span> <span class='ocrx_word' id='word_1_79' title='bbox 938 1472 1041 1530; x_wconf 81' lang='lat' dir='ltr'>Ando</span> 
     </span>
    </p>

    <p class='ocr_par' dir='ltr' id='par_1_6' title="bbox 72 1571 1041 1651">
     <span class='ocr_line' id='line_1_12' title="bbox 72 1571 1041 1651; baseline 0.002 -21"><span class='ocrx_word' id='word_1_80' title='bbox 72 1579 75 1582; x_wconf 84' lang='lat'>&#39;</span> <span class='ocrx_word' id='word_1_81' title='bbox 140 1571 213 1630; x_wconf 91' lang='lat' dir='ltr'>cidi.</span> <span class='ocrx_word' id='word_1_82' title='bbox 266 1577 376 1650; x_wconf 88' lang='lat' dir='ltr'>ltaque</span> <span class='ocrx_word' id='word_1_83' title='bbox 400 1574 450 1633; x_wconf 91' lang='lat' dir='ltr'>ille</span> <span class='ocrx_word' id='word_1_84' title='bbox 471 1583 580 1651; x_wconf 72' lang='lat' dir='ltr'>postea</span> <span class='ocrx_word' id='word_1_85' title='bbox 602 1574 774 1633; x_wconf 89' lang='lat' dir='ltr'>Mercurius</span> <span class='ocrx_word' id='word_1_86' title='bbox 790 1573 946 1632; x_wconf 85' lang='lat' dir='ltr'>Andocidi</span> <span class='ocrx_word' id='word_1_87' title='bbox 961 1574 1041 1632; x_wconf 90' lang='lat' dir='ltr'>voci-</span> 
     </span>
    </p>

    <p class='ocr_par' dir='ltr' id='par_1_7' title="bbox 105 1675 1090 2167">
     <span class='ocr_line' id='line_1_13' title="bbox 105 1675 1040 1754; baseline 0 -18"><span class='ocrx_word' id='word_1_88' title='bbox 105 1684 224 1736; x_wconf 75' lang='lat' dir='ltr'>3tatus</span> <span class='ocrx_word' id='word_1_89' title='bbox 254 1686 310 1736; x_wconf 90' lang='lat' dir='ltr'>est.</span> <span class='ocrx_word' id='word_1_90' title='bbox 356 1679 429 1737; x_wconf 77' lang='lat' dir='ltr'>Hbc</span> <span class='ocrx_word' id='word_1_91' title='bbox 457 1697 526 1736; x_wconf 92' lang='lat' dir='ltr'>cum</span> <span class='ocrx_word' id='word_1_92' title='bbox 557 1685 717 1754; x_wconf 73' lang='lat' dir='ltr'>appareret</span> <span class='ocrx_word' id='word_1_93' title='bbox 743 1675 804 1736; x_wconf 80' lang='lat' dir='ltr'>n&#39;on</span> <span class='ocrx_word' id='word_1_94' title='bbox 831 1676 898 1735; x_wconf 93' lang='lat' dir='ltr'>sine</span> <span class='ocrx_word' id='word_1_95' title='bbox 928 1686 1040 1753; x_wconf 75' lang='lat' dir='ltr'>magnai</span> 
     </span>
     <span class='ocr_line' id='line_1_14' title="bbox 141 1779 1040 1855; baseline 0.002 -19"><span class='ocrx_word' id='word_1_96' title='bbox 141 1779 307 1838; x_wconf 80' lang='lat' dir='ltr'>multorum</span> <span class='ocrx_word' id='word_1_97' title='bbox 335 1781 541 1841; x_wconf 76' lang='lat' dir='ltr'>consensione</span> <span class='ocrx_word' id='word_1_98' title='bbox 570 1799 639 1839; x_wconf 89' lang='lat' dir='ltr'>esse</span> <span class='ocrx_word' id='word_1_99' title='bbox 662 1780 788 1853; x_wconf 83' lang='lat' dir='ltr'>iactum,</span> <span class='ocrx_word' id='word_1_100' title='bbox 806 1799 885 1855; x_wconf 86' lang='lat' dir='ltr'>quae</span> <span class='ocrx_word' id='word_1_101' title='bbox 913 1788 977 1839; x_wconf 79' lang='lat' dir='ltr'>non</span> <span class='ocrx_word' id='word_1_102' title='bbox 1001 1781 1040 1838; x_wconf 90' lang='lat' dir='ltr'>ad</span> 
     </span>
     <span class='ocr_line' id='line_1_15' title="bbox 141 1884 1090 1961; baseline 0.002 -20"><span class='ocrx_word' id='word_1_103' title='bbox 141 1892 299 1959; x_wconf 72' lang='lat' dir='ltr'>privatam,</span> <span class='ocrx_word' id='word_1_104' title='bbox 317 1886 373 1943; x_wconf 93' lang='lat' dir='ltr'>sed</span> <span class='ocrx_word' id='word_1_105' title='bbox 393 1886 433 1944; x_wconf 87' lang='lat' dir='ltr'>ad</span> <span class='ocrx_word' id='word_1_106' title='bbox 455 1884 610 1961; x_wconf 86' lang='lat' dir='ltr'>publicam</span> <span class='ocrx_word' id='word_1_107' title='bbox 633 1903 697 1943; x_wconf 90' lang='lat' dir='ltr'>rem</span> <span class='ocrx_word' id='word_1_108' title='bbox 718 1885 893 1961; x_wconf 78' lang='lat' dir='ltr'>pertineret,</span> <span class='ocrx_word' id='word_1_109' title='bbox 911 1894 1041 1961; x_wconf 77' lang='lat' dir='ltr'>magnus</span> <span class='ocrx_word' id='word_1_110' title='bbox 1061 1903 1090 1955; x_wconf 84' lang='lat'>15</span> 
     </span>
     <span class='ocr_line' id='line_1_16' title="bbox 142 1988 1042 2065; baseline 0.003 -22"><span class='ocrx_word' id='word_1_111' title='bbox 142 1988 331 2046; x_wconf 81' lang='lat' dir='ltr'>multitudini</span> <span class='ocrx_word' id='word_1_112' title='bbox 346 1988 436 2047; x_wconf 89' lang='lat' dir='ltr'>timor</span> <span class='ocrx_word' id='word_1_113' title='bbox 451 1998 499 2048; x_wconf 89' lang='lat' dir='ltr'>est</span> <span class='ocrx_word' id='word_1_114' title='bbox 514 1988 655 2061; x_wconf 91' lang='lat' dir='ltr'>iniectus,</span> <span class='ocrx_word' id='word_1_115' title='bbox 673 1996 712 2047; x_wconf 78' lang='lat' dir='ltr'>ne</span> <span class='ocrx_word' id='word_1_116' title='bbox 728 2008 789 2065; x_wconf 91' lang='lat' dir='ltr'>qua</span> <span class='ocrx_word' id='word_1_117' title='bbox 811 1998 973 2064; x_wconf 88' lang='lat' dir='ltr'>repentina</span> <span class='ocrx_word' id='word_1_118' title='bbox 995 1997 1042 2046; x_wconf 89' lang='lat' dir='ltr'>vis</span> 
     </span>
     <span class='ocr_line' id='line_1_17' title="bbox 142 2090 1042 2167; baseline 0.004 -20"><span class='ocrx_word' id='word_1_119' title='bbox 142 2090 173 2147; x_wconf 91' lang='lat' dir='ltr'>in</span> <span class='ocrx_word' id='word_1_120' title='bbox 203 2090 328 2150; x_wconf 79' lang='lat' dir='ltr'>civitate</span> <span class='ocrx_word' id='word_1_121' title='bbox 354 2092 524 2165; x_wconf 86' lang='lat' dir='ltr'>exsisteret,</span> <span class='ocrx_word' id='word_1_122' title='bbox 552 2110 630 2167; x_wconf 92' lang='lat' dir='ltr'>quae</span> <span class='ocrx_word' id='word_1_123' title='bbox 657 2091 830 2151; x_wconf 79' lang='lat' dir='ltr'>libertatem</span> <span class='ocrx_word' id='word_1_124' title='bbox 856 2092 1042 2167; x_wconf 89' lang='lat' dir='ltr'>opprimeret</span> 
     </span>
    </p>

    <p class='ocr_par' dir='ltr' id='par_1_8' title="bbox 108 2194 1092 2472">
     <span class='ocr_line' id='line_1_18' title="bbox 108 2194 1041 2269; baseline 0.002 -18"><span class='ocrx_word' id='word_1_125' title='bbox 108 2202 125 2251; x_wconf 87' lang='lat'>4</span> <span class='ocrx_word' id='word_1_126' title='bbox 141 2194 256 2269; x_wconf 93' lang='lat' dir='ltr'>populi.</span> <span class='ocrx_word' id='word_1_127' title='bbox 303 2196 375 2253; x_wconf 79' lang='lat' dir='ltr'>Hoc</span> <span class='ocrx_word' id='word_1_128' title='bbox 390 2194 520 2254; x_wconf 74' lang='lat' dir='ltr'>maixime</span> <span class='ocrx_word' id='word_1_129' title='bbox 533 2204 697 2253; x_wconf 88' lang='lat' dir='ltr'>convenire</span> <span class='ocrx_word' id='word_1_130' title='bbox 714 2194 745 2253; x_wconf 92' lang='lat' dir='ltr'>in</span> <span class='ocrx_word' id='word_1_131' title='bbox 755 2194 949 2253; x_wconf 89' lang='lat' dir='ltr'>Alcibiadem</span> <span class='ocrx_word' id='word_1_132' title='bbox 961 2194 1041 2253; x_wconf 77' lang='lat' dir='ltr'>vide-</span> 
     </span>
     <span class='ocr_line' id='line_1_19' title="bbox 141 2297 1042 2373; baseline 0 -18"><span class='ocrx_word' id='word_1_133' title='bbox 141 2297 241 2369; x_wconf 68' lang='lat' dir='ltr'>bitur,</span> <span class='ocrx_word' id='word_1_134' title='bbox 264 2298 347 2373; x_wconf 93' lang='lat' dir='ltr'>quod</span> <span class='ocrx_word' id='word_1_135' title='bbox 373 2307 404 2356; x_wconf 93' lang='lat' dir='ltr'>et</span> <span class='ocrx_word' id='word_1_136' title='bbox 419 2297 574 2373; x_wconf 88' lang='lat' dir='ltr'>potentior</span> <span class='ocrx_word' id='word_1_137' title='bbox 598 2308 629 2357; x_wconf 87' lang='lat' dir='ltr'>et</span> <span class='ocrx_word' id='word_1_138' title='bbox 657 2298 754 2357; x_wconf 76' lang='lat' dir='ltr'>maior</span> <span class='ocrx_word' id='word_1_139' title='bbox 783 2317 875 2373; x_wconf 87' lang='lat' dir='ltr'>quam</span> <span class='ocrx_word' id='word_1_140' title='bbox 905 2307 1042 2373; x_wconf 76' lang='lat' dir='ltr'>privatus</span> 
     </span>
     <span class='ocr_line' id='line_1_20' title="bbox 142 2399 1092 2472; baseline 0.002 -14"><span class='ocrx_word' id='word_1_141' title='bbox 142 2399 396 2459; x_wconf 73' lang='lat' dir='ltr'>existimabatur:</span> <span class='ocrx_word' id='word_1_142' title='bbox 419 2401 530 2461; x_wconf 76' lang='lat' dir='ltr'>multos</span> <span class='ocrx_word' id='word_1_143' title='bbox 546 2400 629 2460; x_wconf 90' lang='lat' dir='ltr'>enim</span> <span class='ocrx_word' id='word_1_144' title='bbox 649 2401 832 2461; x_wconf 69' lang='lat' dir='ltr'>liberalitate</span> <span class='ocrx_word' id='word_1_145' title='bbox 853 2401 1040 2472; x_wconf 79' lang='lat' dir='ltr'>devinxerat,</span> <span class='ocrx_word' id='word_1_146' title='bbox 1061 2418 1092 2452; x_wconf 90' lang='lat'>20</span> 
     </span>
    </p>

    <p class='ocr_par' dir='ltr' id='par_1_9' title="bbox 107 2503 1144 2889">
     <span class='ocr_line' id='line_1_21' title="bbox 107 2503 1144 2580; baseline 0.003 -20"><span class='ocrx_word' id='word_1_147' title='bbox 107 2510 124 2559; x_wconf 90' lang='lat'>5</span> <span class='ocrx_word' id='word_1_148' title='bbox 141 2503 245 2579; x_wconf 75' lang='lat' dir='ltr'>plures</span> <span class='ocrx_word' id='word_1_149' title='bbox 260 2503 353 2562; x_wconf 91' lang='lat' dir='ltr'>etiam</span> <span class='ocrx_word' id='word_1_150' title='bbox 368 2514 462 2580; x_wconf 73' lang='lat' dir='ltr'>opera</span> <span class='ocrx_word' id='word_1_151' title='bbox 476 2505 593 2564; x_wconf 78' lang='lat' dir='ltr'>forensi</span> <span class='ocrx_word' id='word_1_152' title='bbox 609 2513 682 2565; x_wconf 78' lang='lat' dir='ltr'>subs</span> <span class='ocrx_word' id='word_1_153' title='bbox 698 2506 882 2564; x_wconf 87' lang='lat' dir='ltr'>reddiderat.</span> <span class='ocrx_word' id='word_1_154' title='bbox 928 2506 998 2579; x_wconf 72' lang='lat' dir='ltr'>Qua</span> <span class='ocrx_word' id='word_1_155' title='bbox 1010 2512 1042 2563; x_wconf 81' lang='lat' dir='ltr'>re</span> <span class='ocrx_word' id='word_1_156' title='bbox 1141 2545 1144 2554; x_wconf 25' lang='grc' dir='ltr'><strong><em>Δ</em></strong></span> 
     </span>
     <span class='ocr_line' id='line_1_22' title="bbox 140 2607 1042 2684; baseline 0.001 -20"><span class='ocrx_word' id='word_1_157' title='bbox 140 2607 240 2665; x_wconf 78' lang='lat' dir='ltr'>fiebat</span> <span class='ocrx_word' id='word_1_158' title='bbox 254 2616 288 2665; x_wconf 92' lang='lat' dir='ltr'>ut</span> <span class='ocrx_word' id='word_1_159' title='bbox 307 2607 443 2666; x_wconf 92' lang='lat' dir='ltr'>omnium</span> <span class='ocrx_word' id='word_1_160' title='bbox 466 2609 579 2681; x_wconf 70' lang='lat' dir='ltr'>oculos</span> <span class='ocrx_word' id='word_1_161' title='bbox 597 2608 871 2684; x_wconf 74' lang='lat' dir='ltr'>quotienscumque</span> <span class='ocrx_word' id='word_1_162' title='bbox 894 2608 925 2666; x_wconf 91' lang='lat' dir='ltr'>in</span> <span class='ocrx_word' id='word_1_163' title='bbox 948 2607 1042 2684; x_wconf 82' lang='lat' dir='ltr'>publi-</span> 
     </span>
     <span class='ocr_line' id='line_1_23' title="bbox 141 2710 1043 2788; baseline 0.001 -20"><span class='ocrx_word' id='word_1_164' title='bbox 141 2729 213 2768; x_wconf 92' lang='lat' dir='ltr'>cum</span> <span class='ocrx_word' id='word_1_165' title='bbox 229 2710 392 2786; x_wconf 78' lang='lat' dir='ltr'>prodisset,</span> <span class='ocrx_word' id='word_1_166' title='bbox 410 2711 450 2769; x_wconf 90' lang='lat' dir='ltr'>ad</span> <span class='ocrx_word' id='word_1_167' title='bbox 462 2710 498 2769; x_wconf 59' lang='lat' dir='ltr'>&#39;se</span> <span class='ocrx_word' id='word_1_168' title='bbox 514 2721 708 2769; x_wconf 88' lang='lat' dir='ltr'>converteret</span> <span class='ocrx_word' id='word_1_169' title='bbox 723 2731 825 2788; x_wconf 90' lang='lat' dir='ltr'>neque</span> <span class='ocrx_word' id='word_1_170' title='bbox 841 2721 869 2769; x_wconf 89' lang='lat' dir='ltr'>ei</span> <span class='ocrx_word' id='word_1_171' title='bbox 887 2720 943 2787; x_wconf 74' lang='lat' dir='ltr'>pir</span> <span class='ocrx_word' id='word_1_172' title='bbox 963 2711 1043 2787; x_wconf 92' lang='lat' dir='ltr'>quis-</span> 
     </span>
     <span class='ocr_line' id='line_1_24' title="bbox 141 2812 1043 2889; baseline -0.001 -18"><span class='ocrx_word' id='word_1_173' title='bbox 141 2832 237 2889; x_wconf 90' lang='lat' dir='ltr'>quam</span> <span class='ocrx_word' id='word_1_174' title='bbox 252 2812 420 2872; x_wconf 74' lang='lat' dir='ltr'>incivitate</span> <span class='ocrx_word' id='word_1_175' title='bbox 436 2822 609 2889; x_wconf 66' lang='lat' dir='ltr'>ponerEtur.</span> <span class='ocrx_word' id='word_1_176' title='bbox 646 2818 755 2889; x_wconf 86' lang='lat' dir='ltr'>Itaque</span> <span class='ocrx_word' id='word_1_177' title='bbox 770 2823 833 2873; x_wconf 83' lang='lat' dir='ltr'>non</span> <span class='ocrx_word' id='word_1_178' title='bbox 846 2814 945 2873; x_wconf 82' lang='lat' dir='ltr'>solum</span> <span class='ocrx_word' id='word_1_179' title='bbox 957 2834 1043 2889; x_wconf 86' lang='lat' dir='ltr'>spem</span> 
     </span>
    </p>
   </div>
   <div class='ocr_carea' id='block_1_4' title="bbox 143 3004 1045 3401">
    <p class='ocr_par' dir='ltr' id='par_1_10' title="bbox 143 3004 1045 3401">
     <span class='ocr_line' id='line_1_25' title="bbox 188 3004 1043 3084; baseline 0 -31"><span class='ocrx_word' id='word_1_180' title='bbox 188 3020 201 3053; x_wconf 88' lang='lat'><strong><em>2</em></strong></span> <span class='ocrx_word' id='word_1_181' title='bbox 227 3004 406 3070; x_wconf 75' lang='lat' dir='ltr'>ditissimum,</span> <span class='ocrx_word' id='word_1_182' title='bbox 437 3008 729 3084; x_wconf 50' lang='lat' dir='ltr'>opulentissimum-4</span> <span class='ocrx_word' id='word_1_183' title='bbox 755 3007 894 3070; x_wconf 77' lang='lat' dir='ltr'>tribueret,</span> <span class='ocrx_word' id='word_1_184' title='bbox 925 3009 1043 3054; x_wconf 77' lang='lat' dir='ltr'>daret.—</span> 
     </span>
     <span class='ocr_line' id='line_1_26' title="bbox 143 3085 1045 3153; baseline -0.004 -14"><span class='ocrx_word' id='word_1_185' title='bbox 143 3104 156 3151; x_wconf 91' lang='lat'>7</span> <span class='ocrx_word' id='word_1_186' title='bbox 185 3085 306 3140; x_wconf 62' lang='lat' dir='ltr'>delectui</span> <span class='ocrx_word' id='word_1_187' title='bbox 336 3091 388 3153; x_wconf 83' lang='lat' dir='ltr'>est,</span> <span class='ocrx_word' id='word_1_188' title='bbox 419 3095 517 3137; x_wconf 69' lang='lat' dir='ltr'>creatus</span> <span class='ocrx_word' id='word_1_189' title='bbox 545 3096 649 3151; x_wconf 65' lang='lat' dir='ltr'>est-9</span> <span class='ocrx_word' id='word_1_190' title='bbox 673 3090 769 3153; x_wconf 84' lang='lat' dir='ltr'>exiret,</span> <span class='ocrx_word' id='word_1_191' title='bbox 792 3090 1045 3152; x_wconf 58' lang='lat' dir='ltr'>proficisceretur.—</span> 
     </span>
     <span class='ocr_line' id='line_1_27' title="bbox 145 3172 1045 3236; baseline -0.004 -15"><span class='ocrx_word' id='word_1_192' title='bbox 145 3188 175 3221; x_wconf 93' lang='lat'>12</span> <span class='ocrx_word' id='word_1_193' title='bbox 204 3172 342 3223; x_wconf 73' lang='lat' dir='ltr'>vocititue</span> <span class='ocrx_word' id='word_1_194' title='bbox 366 3174 418 3236; x_wconf 85' lang='lat' dir='ltr'>est,</span> <span class='ocrx_word' id='word_1_195' title='bbox 444 3174 591 3219; x_wconf 63' lang='lat' dir='ltr'>nimina‘lus</span> <span class='ocrx_word' id='word_1_196' title='bbox 619 3179 704 3219; x_wconf 72' lang='lat' dir='ltr'>est-</span> <span class='ocrx_word' id='word_1_197' title='bbox 719 3186 747 3235; x_wconf 88' lang='lat'>13</span> <span class='ocrx_word' id='word_1_198' title='bbox 774 3174 928 3235; x_wconf 71' lang='lat' dir='ltr'>appireret,</span> <span class='ocrx_word' id='word_1_199' title='bbox 952 3178 1045 3219; x_wconf 68' lang='lat' dir='ltr'>constri-</span> 
     </span>
     <span class='ocr_line' id='line_1_28' title="bbox 143 3254 1045 3319; baseline -0.007 -14"><span class='ocrx_word' id='word_1_200' title='bbox 143 3263 189 3305; x_wconf 82' lang='lat' dir='ltr'>ret.</span> <span class='ocrx_word' id='word_1_201' title='bbox 199 3283 234 3291; x_wconf 91' lang='lat'>—</span> <span class='ocrx_word' id='word_1_202' title='bbox 245 3268 273 3316; x_wconf 92' lang='lat'>17</span> <span class='ocrx_word' id='word_1_203' title='bbox 287 3254 440 3319; x_wconf 78' lang='lat' dir='ltr'>exsisteret,</span> <span class='ocrx_word' id='word_1_204' title='bbox 451 3260 572 3303; x_wconf 69' lang='lat' dir='ltr'>meritur.</span> <span class='ocrx_word' id='word_1_205' title='bbox 579 3282 612 3289; x_wconf 92' lang='lat'><em>-</em></span> <span class='ocrx_word' id='word_1_206' title='bbox 621 3269 652 3303; x_wconf 89' lang='lat'>20</span> <span class='ocrx_word' id='word_1_207' title='bbox 664 3254 834 3318; x_wconf 76' lang='lat' dir='ltr'>devinxerat,</span> <span class='ocrx_word' id='word_1_208' title='bbox 844 3255 1002 3315; x_wconf 68' lang='lat' dir='ltr'>obligaverat.</span> <span class='ocrx_word' id='word_1_209' title='bbox 1011 3282 1045 3288; x_wconf 94' lang='lat'><strong>—</strong></span> 
     </span>
     <span class='ocr_line' id='line_1_29' title="bbox 144 3339 561 3401; baseline -0.005 -15"><span class='ocrx_word' id='word_1_210' title='bbox 144 3353 177 3398; x_wconf 84' lang='lat'>24</span> <span class='ocrx_word' id='word_1_211' title='bbox 195 3339 348 3401; x_wconf 50' lang='lat' dir='ltr'>fineretur,</span> <span class='ocrx_word' id='word_1_212' title='bbox 362 3340 561 3385; x_wconf 61' lang='lat' dir='ltr'>existimaretur.</span> 
     </span>
    </p>
   </div>
   <div class='ocr_carea' id='block_1_5' title="bbox 0 0 1256 3700">
    <p class='ocr_par' dir='ltr' id='par_1_11' title="bbox 0 0 1256 3700">
     <span class='ocr_line' id='line_1_30' title="bbox 0 0 1256 3700; baseline 0 0"><span class='ocrx_word' id='word_1_213' title='bbox 0 0 1256 3700; x_wconf 95' lang='lat' dir='ltr'> </span> 
     </span>
    </p>
   </div>
  </div>
 </body>
</html>
