2492 3700
507 866 774 948 HANNIBAL.

153 1109 175 1167 l
234 1120 423 1189 Hnurrrsnr,
460 1116 648 1175 Hamilcaris
681 1116 775 1188 fiiiuS,
808 1116 1089 1193 Karthaginiensis

192 1222 224 1280 Si
245 1227 349 1279 verum
372 1230 428 1292 est,
445 1220 529 1295 quod
552 1227 643 1279 nemo
666 1219 795 1289 dubitat,
817 1228 851 1276 ut
873 1219 1006 1295 populus
1030 1221 1091 1277 Ro·

190 1332 299 1382 me'mus
322 1330 430 1381 omnes
451 1330 561 1399 gentes
582 1322 693 1380 virtute
715 1321 874 1397 superarit,
892 1328 954 1380 non
977 1331 1025 1381 est
1048 1330 1091 1379 in·

190 1421 350 1484 fitiandum
383 1425 593 1484 Hannibalem
626 1433 713 1485 tanto
746 1424 936 1501 praestitisse
969 1432 1091 1485 ceteros

191 1529 390 1605 imperatores
420 1528 593 1604 prudentie,
622 1535 739 1603 quanto
768 1528 901 1604 populus
928 1530 1091 1588 Romanus
1130 1554 1143 1606 5

156 1645 174 1696 2
191 1632 354 1691 antecedat
372 1630 553 1690 fortitudine
574 1640 702 1689 cr'rnctr'rs
722 1632 874 1690 nationes
921 1633 1000 1689 Nam
1018 1650 1091 1706 quo·

191 1735 404 1809 tienscumque
425 1754 495 1793 cum
515 1742 553 1793 eo
573 1753 758 1811 congressus
778 1744 827 1793 est
847 1734 877 1791 in
897 1721 995 1807 italis,
1013 1753 1091 1793 sem-

191 1857 246 1913 per
274 1837 418 1896 discessit
448 1837 595 1915 superior.
628 1837 745 1911 .Quod
775 1837 835 1896 nisi
864 1838 948 1896 dorni
977 1836 1104 1913 civium·

192 1949 314 2000 suorum
338 1941 452 2000 invidis
474 1941 653 2001 debilitatus
675 1951 766 2014 esset,
788 1943 946 2001 Romanos
969 1941 1091 2000 videtur

192 2053 335 2120 superare
358 2044 506 2120 potuisse.
552 2044 613 2103 Sed
640 2046 804 2103 multorum
830 2044 1014 2104 obtrectatio
1041 2045 1091 2104 de·
1112 2072 1143 2106 10

191 2147 264 2206 vicit
279 2156 369 2206 unius
385 2147 535 2205 virtutem.

157 2254 174 2303 3
235 2253 297 2309 Hic
313 2261 414 2309 autem
430 2251 514 2309 velut
529 2251 700 2309 hereditate
717 2252 856 2309 relictum
871 2251 976 2310 odium
991 2262 1091 2327 pater-

192 2373 264 2411 num
277 2362 349 2431 erge
363 2356 524 2413 Romanos
540 2364 585 2413 sic
597 2354 791 2414 conservavit
808 2364 840 2412 ut
855 2354 940 2430 prius
956 2353 1090 2412 animam

193 2477 283 2533 quam
299 2457 330 2515 id
347 2457 534 2533 deposuerit,
551 2467 603 2533 qui
625 2457 758 2534 quidem,
776 2476 845 2515 curn
864 2456 963 2532 patrii
983 2457 1091 2532 pulsus

192 2570 275 2617 esset
291 2570 321 2618 et
337 2560 504 2619 alienarum
526 2580 618 2636 opum
640 2560 799 2635 indigeret,
817 2578 982 2636 numquam
999 2560 1091 2618 desti.
1114 2587 1143 2637 15

157 2657 178 2714 2
193 2661 262 2719 terit
275 2662 378 2722 animo
389 2663 504 2721 bellare
518 2682 587 2720 cum
601 2665 759 2722 Romanis.
806 2665 835 2719 N
838 2681 886 2719 am
902 2671 935 2720 ut
950 2662 1090 2721 omittam

195 2763 379 2840 Philippum,
396 2784 486 2840 quem
506 2767 619 2824 absens
640 2765 759 2823 hostem
777 2763 911 2823 reddidit
930 2767 1089 2836 Romanis,

193 2867 328 2925 omnium
344 2867 381 2925 iis
397 2868 587 2944 temporibus
603 2867 835 2944 potentissimus
852 2874 904 2924 rex
916 2867 1090 2926 Antiochus

191 2969 257 3029 fuit.
316 2972 409 3028 Hunc
432 2979 517 3029 tanti
540 2971 709 3046 cupiditate
735 2969 873 3028 incendit
888 2969 1035 3028 bellandi
1058 2980 1092 3029 ut

233 3117 248 3163 4
266 3102 448 3167 praestitisse,
466 3104 632 3165 superdvisse.
643 3101 699 3150 -6
717 3103 837 3165 cunctis,
857 3106 1011 3162 omnin—7
1032 3114 1093 3153 con·

192 3199 299 3249 gressus
312 3188 364 3249 est,
377 3187 516 3233 dimica‘vit.
526 3215 559 3220 —
569 3199 598 3249 13
616 3185 746 3249 animam,
764 3190 851 3231 vitam.
860 3212 894 3219 -
906 3182 936 3231 16
953 3183 1091 3251 omittam,

193 3276 360 3331 praeteream.
