2492 3700
430 247 664 297 Ancinmnns.
701 259 723 312 5,
736 247 760 296 6.
1017 245 1048 297 35

148 416 335 491 locupletati)
358 415 500 487 exercitii,
522 415 663 474 maximis
684 414 776 474 rebus
798 422 893 492 gestis
909 413 1050 472 Athenas

148 525 307 577 venerunt.

111 615 136 674 6
169 591 254 683 lHis
283 639 353 680 cum
381 620 503 680 obviam
533 620 677 680 universa
704 620 814 680 civitas
842 620 874 678 in
908 622 1050 679 Piraeum

148 724 370 796 descendisset,
387 733 475 782 tanta
488 723 547 783 init
566 724 703 783 omnium
723 723 915 800 exspectatis)
929 722 1051 782 visendi

149 827 330 899 Alcibiadis
355 837 387 887 ut
409 827 537 886 adeius
566 827 718 886 triremem
740 827 848 904 volgus
880 825 1050 886 cunflneret
1086 839 1099 892 5

113 931 278 1008 zproinde
300 939 337 990 ac
359 939 385 990 si
407 931 491 989 stilus
513 929 698 989 advenisset.
745 932 795 989 Sic
824 929 906 989 enim
935 929 1050 1006 populi>

149 1043 216 1094 erat
232 1043 412 1110 persuasum
427 1041 458 1092 et
474 1033 620 1092 adversas
636 1033 810 1109 superibres
826 1043 856 1092 et
871 1039 1050 1109 praesentes

150 1137 304 1196 secundas
315 1144 364 1196 res
376 1135 527 1196 accidisse
537 1137 602 1195 eius
614 1145 717 1212 opera.
751 1139 860 1212 ltaque
872 1145 903 1194 ct
916 1135 1050 1194 Siciliam

150 1249 295 1299 amissam
310 1249 342 1300 et
356 1239 671 1298 Lacedaemonirirum
688 1239 833 1298 victurias
847 1239 955 1315 culpae
975 1257 1050 1296 suae

150 1342 336 1415 tribuebant,
353 1343 436 1420 quod
451 1343 543 1401 talem
559 1342 656 1400 virum
672 1349 688 1400 e
709 1342 831 1401 civitate
851 1341 1048 1417 expulissent.
1070 1358 1101 1394 10

151 1447 262 1522 Neque
284 1446 317 1505 id
345 1445 412 1505 sine
441 1454 536 1504 causa
566 1445 705 1504 arbitrari
733 1445 924 1504 videbantur.
970 1447 1050 1502 Nam

150 1558 315 1625 postquam
336 1547 484 1608 exercitui
505 1567 649 1624 praeesse
670 1557 823 1624 coeperat,
847 1565 948 1623 neque
970 1556 1050 1606 terra

115 1664 133 1714 3
150 1671 252 1728 neque
267 1661 343 1710 mari
357 1652 463 1711 hostes
478 1658 568 1727 pares
588 1644 657 1710 es'se
676 1660 847 1726 potuerant.
876 1652 956 1709 Hic
980 1659 1014 1708 ut
1034 1657 1051 1708 ἑ

150 1763 224 1814 navi
242 1762 382 1832 egressus
398 1764 453 1828 est,
471 1773 657 1831 quamquam
672 1755 881 1814 Theramenes
904 1763 935 1812 at
957 1754 1051 1811 Thra·

151 1858 278 1937 sybirlus
293 1858 403 1917 iisdem
418 1859 510 1917 rebus
525 1859 723 1935 praefuerant
738 1858 889 1934 simulque
904 1866 1051 1917 venerant
1072 1876 1080 1909 1
1087 1873 1100 1926 5

151 1962 183 2019 in
214 1964 364 2034 Piraeum,
384 1971 485 2021 tamen
516 1970 610 2019 irnum
638 1970 746 2021 omnes
775 1963 859 2022 illum
888 1971 1051 2039 prbseque-

116 2066 275 2137 ..haum
290 2074 329 2136 et,
346 2064 378 2123 id
394 2065 477 2141 quod
492 2084 659 2141 numquam
676 2075 767 2124 antea
783 2076 838 2124 risu
851 2074 977 2125 venerat
992 2066 1051 2124 nisi

152 2166 313 2246 Olympiae
326 2167 501 2238 victbribus
515 2176 638 2227 cortinis
653 2169 765 2227 laureis
777 2170 950 2245 taeniisque
962 2171 1052 2245 volgi>

152 2271 335 2331 dunabatur.
388 2270 445 2329 Ille
477 2270 641 2329 lacrimans
677 2272 769 2330 talem
806 2272 1051 2331 benevolentiam

151 2372 266 2433 civium
280 2381 405 2433 sutirum
421 2373 599 2450 accipiebat,
619 2374 819 2433 reminiscens
840 2375 960 2451 pristini
980 2386 1052 2433 tem·
1071 2388 1103 2422 20

117 2497 134 2545 4
151 2476 236 2554 poris
248 2476 456 2536 acerbitatem.
502 2479 670 2552 Postquam
683 2476 714 2534 in
725 2487 793 2536 astu
802 2479 894 2549 venit,
908 2478 1052 2537 cuntibne

152 2581 305 2639 advocata
328 2588 373 2638 sic
388 2579 483 2639 verba
503 2579 578 2639 iecit
603 2589 637 2638 ut
658 2587 749 2639 nemi>
771 2590 834 2639 tarn
855 2582 939 2640 ferus
960 2582 1053 2639 fuerit

152 2692 228 2759 quin
254 2682 320 2741 eius
346 2690 433 2742 casui
462 2681 658 2741 inlacrimarit
688 2683 906 2759 inimicumque
944 2684 981 2742 iis
1019 2692 1053 2742 se

152 2784 325 2846 ostenderit
350 2792 478 2860 quinum
497 2794 590 2861 opera
612 2786 713 2861 patria
735 2786 840 2862 pulsus
862 2787 971 2857 fuerat,
988 2806 1054 2863 pru

152 2889 225 2948 inde
241 2898 279 2948 ac
294 2897 320 2947 si
336 2888 414 2946 alius
431 2888 570 2964 populus,
589 2895 652 2947 nim
664 2889 713 2946 ille
727 2889 792 2964 ipse
805 2898 858 2965 qui
870 2900 934 2948 tum
947 2890 1049 2961 flebat,
1070 2898 1101 2951 25

118 3005 135 3055 5
153 3011 224 3051 eum
239 2991 380 3068 sacrilegi
396 2990 581 3050 damnasset.
628 2991 782 3049 Restituta
798 3000 871 3068 ergo
891 2991 962 3050 huic
982 3000 1054 3050 sunt

195 3160 211 3205 4
229 3144 346 3208 visendi,
365 3145 544 3208 videnum-5
563 3144 716 3207 cinilueret,
735 3144 952 3192 conveniret-6
969 3144 1053 3207 silus,

152 3234 276 3276 ainan—
290 3240 319 3289 19
347 3226 502 3285 lacrimim,
525 3226 692 3288 flens-20
721 3226 842 3290 pristini,
866 3228 1055 3287 superium-

155 3324 185 3358 22
204 3308 288 3373 feruet,
302 3310 420 3357 crridilis.
430 3337 464 3344 -
474 3309 505 3357 26
522 3311 594 3373 ergit,
607 3310 695 3371 igitur.
