2492 3700
403 247 700 298 runu1srocnns.
736 248 796 309 7,8.
1017 247 1047 297 15

148 388 250 473 tendit
264 415 344 474 falsa
358 415 396 474 iis
410 402 488 474 esse¹
497 415 618 474 delata:
639 423 734 492 quare
749 434 882 491 aequum
897 434 966 474 esse
978 415 1048 475 illr'rs

148 517 232 576 virus
253 518 354 578 bonus
374 518 556 595 nubilesque
579 517 700 578 mittere
722 518 836 595 quibus
857 519 936 578 fides
956 518 1048 577 habe-

147 628 240 693 retur,
266 631 319 697 qui
351 640 414 680 rem
446 621 659 698 explorarent:
696 622 814 681 interea
843 629 877 681 se
906 622 1048 682 obsidem

110 730 128 779 3
146 724 325 786 retinerent.
369 725 485 784 Gestus
500 734 548 785 est
564 733 593 784 ei
607 732 685 799 mus,
697 731 822 802 tresque
842 725 935 803 legati
950 726 1048 785 functi

146 837 277 885 summis
300 827 469 888 honeribus
492 828 635 888 Athenas
660 837 852 888 missisunt.
897 831 977 889 Cum
998 829 1047 888 his
1083 843 1096 894 5

146 929 295 1007 conlegas
319 937 392 990 suus
412 930 641 991 Themistocles
664 931 753 991 iussit
774 933 927 1008 proficisci
947 931 1046 1008 iisque

146 1033 300 1108 praedixit
328 1043 362 1092 ut
392 1039 431 1092 ne
463 1033 547 1110 prius
577 1035 896 1095 Lacedaemonir'rrum
912 1092 914 1095 ,
928 1035 1046 1112 legatus

110 1144 128 1193 4
146 1135 338 1195 dimitterent
359 1155 452 1213 quam
474 1135 541 1213 ipse
564 1147 648 1197 esset
670 1147 826 1198 remissus.
872 1140 942 1197 Hr‘rs
964 1149 1047 1214 post·

147 1256 241 1314 quam
260 1239 400 1298 Athenas
420 1239 600 1316 pervenisse
620 1251 706 1300 ratus
721 1250 778 1311 est,
794 1242 835 1300 ad
850 1241 1046 1318 magistratus

146 1350 351 1420 senatumque
377 1343 695 1404 Lacedaemonir'rrum
724 1344 801 1404 adiit
826 1354 857 1404 et
883 1346 965 1425 apud
991 1352 1046 1404 e6s
1067 1367 1096 1400 10

147 1445 300 1505 liberrime
322 1447 481 1522 professus
504 1456 568 1506 est:
595 1446 804 1507 Athenienses
825 1455 883 1506 suf)
905 1447 1044 1519 cunsilir'),

147 1548 232 1623 quod
254 1557 409 1610 communi
433 1549 497 1608 iure
521 1549 660 1626 gentium
682 1550 785 1609 facere
808 1560 946 1627 possent,
970 1551 1046 1609 deris

145 1651 288 1727 publicus
303 1660 438 1728 suusque
453 1652 570 1729 patries
585 1662 622 1712 ac
637 1660 776 1729 penates,
794 1661 855 1729 qus)
869 1653 990 1711 facilius
1006 1653 1045 1711 ab

145 1754 236 1813 hoste
254 1765 383 1831 possent
406 1756 694 1828 defenderemus
716 1756 880 1833 saepsisse,
898 1775 998 1832 neque
1014 1756 1046 1813 in

110 1863 127 1911 5
145 1862 184 1918 ef>
200 1860 285 1935 quod
299 1858 406 1919 insitile
422 1868 505 1919 esset
520 1860 672 1919 Graeciae
687 1859 809 1919 fecisse.
830 1862 910 1917 Nam
926 1860 1046 1919 illorum
1067 1880 1096 1931 15

145 1963 254 2021 urbem
269 1972 303 2022 ut
317 1963 583 2039 prdpugnaculum
605 1963 783 2039 oppositum
805 1981 873 2021 esse
895 1963 1044 2034 barbaris,

146 2066 230 2140 apud
253 2084 345 2141 quarn
367 2065 429 2124 iam
451 2064 500 2125 bis
522 2065 640 2124 classes
665 2066 765 2143 regias
790 2066 903 2126 fecisse
927 2066 1046 2123 naufra-

111 2175 128 2225 6
145 2168 238 2244 gium.
262 2167 530 2228 Lacedaemonius
546 2176 649 2227 autem
665 2169 743 2226 male
760 2178 790 2226 et
805 2168 918 2226 iniuste
933 2169 1043 2240 tacere,

147 2280 199 2347 qui
214 2271 246 2330 id
258 2271 361 2347 potius
376 2271 578 2343 intuerentur,
591 2272 675 2347 quod
691 2272 825 2347 ipsarum
842 2271 1046 2331 dominationi

146 2393 239 2450 quarn
255 2375 339 2452 quod
354 2374 515 2434 universae
531 2374 681 2433 Graeciae
702 2374 774 2432 utile
795 2383 886 2433 esset.
932 2376 1044 2447 Quare,
1065 2396 1096 2429 20

146 2487 173 2535 si
188 2485 262 2536 subs
278 2477 397 2555 legatas
413 2476 549 2553 recipere
565 2478 689 2549 vellent,
707 2484 785 2553 quus
802 2478 943 2536 Athenas
959 2486 1046 2535 mise-

145 2590 223 2651 rant,
248 2586 281 2639 se
305 2580 506 2652 remitterent,
530 2600 593 2639 cum
620 2580 708 2639 aliter
731 2579 800 2638 illus
824 2599 992 2656 numquam
1014 2580 1044 2636 in

144 2683 277 2761 patriam
292 2692 397 2743 essent
413 2692 574 2760 recepturi.

106 2792 130 2852 8
187 2788 215 2844 T
218 2805 309 2845 amen
342 2793 405 2846 nt'm
438 2786 546 2864 effugit
578 2786 690 2844 civium
727 2794 852 2845 suarum
889 2785 1044 2845 invidiam.

146 2892 290 2967 Namque
314 2890 355 2949 ob
379 2889 513 2948 eundem
539 2889 678 2948 timorem
704 2897 765 2965 qur')
791 2890 956 2948 damnatus
982 2899 1047 2947 erat
1065 2907 1095 2958 25

146 2992 316 3064 Miltiades,
340 2992 522 3051 testularum
552 2991 706 3068 suffragiis
732 2998 749 3050 e
775 2992 900 3051 civitate
930 2991 1046 3049 eiectus

190 3160 199 3193 1
218 3158 278 3197 esse
292 3144 395 3209 uelim,
410 3161 460 3193 esse
476 3146 604 3193 nantium.
615 3158 671 3204 -7
687 3144 833 3208 praedixit,
842 3146 978 3205 praecipit.
987 3158 1046 3206 —9

145 3231 223 3281 ratus
241 3229 294 3292 est,
312 3228 456 3276 arbitratus
472 3234 513 3275 cst.
523 3256 557 3263 -
571 3242 597 3275 11
618 3226 758 3291 professus
775 3235 825 3290 est,
844 3228 917 3274 verba
928 3227 1003 3290 ficit.
1013 3255 1046 3262 —

148 3324 179 3376 25
191 3314 233 3375 ob,
242 3317 356 3374 propter.
