2492 3700
459 210 666 259 naumann.
702 226 724 271 4,
740 224 761 276 5·
1026 210 1060 259 69

135 370 307 453 'Scipibne
337 378 465 437 censule
496 397 628 455 eumque
659 379 827 454 pepulerat.
887 380 966 437 Cum
999 377 1059 435 hec

156 480 269 539 eedem
293 481 423 540 Clastidi
446 482 528 556 apud
553 481 670 538 Padum
695 480 834 539 decernit
859 479 1058 555 sauciumque

122 592 139 641 2
156 584 232 642 inde
251 592 287 641 aie
305 584 445 660 iugatum
462 583 597 642 dimittit.
643 583 748 641 Tertie
767 582 848 641 idem
869 582 972 658 Scipie
989 601 1057 640 cum

157 687 290 763 conlega
302 686 428 745 Tiberie
445 688 554 763 Longe
571 687 653 762 apud
664 685 808 744 Trebiam
825 684 972 744 adversus
988 703 1058 744 eum

157 790 252 848 venit.
298 792 377 848 Cum
396 790 433 848 iis
452 808 576 847 manum
595 789 770 861 censeruit3
793 796 940 864 utresque
959 788 1058 864 prelii·
1094 804 1107 854 5

156 892 252 968 gavit.
313 892 391 951 Inde
424 912 478 969 per
512 893 640 969 Ligures
674 894 894 967 Appenninum
927 890 1056 963 transiit,

121 1002 269 1070 3petens
297 996 456 1054 Etruriam.
512 996 584 1054 Hec
607 995 716 1053 itinere
741 994 819 1053 adee
842 1004 926 1071 gravi
950 994 1057 1053 morbe

158 1098 302 1156 adficitur
313 1099 470 1157 oculerum
483 1108 516 1157 ut
529 1106 638 1174 postea
654 1117 820 1173 numquam
836 1098 944 1155 dextro
960 1105 1057 1173 aeque
1082 1146 1085 1157 .

157 1201 239 1259 bene
258 1211 332 1259 usus
351 1202 398 1259 sit.
444 1201 514 1274 Qua
534 1201 709 1260 valetudine
728 1220 797 1258 cum
815 1200 975 1258 etiamtum
993 1218 1058 1275 pre·

158 1310 294 1362 meretur
308 1304 479 1379 lecticaque
494 1304 634 1376 ferretur,
649 1306 683 1363 C.
699 1303 882 1361 Flaminium
899 1303 1056 1361 censulem
1078 1321 1107 1354 10

158 1406 242 1481 apud
270 1408 493 1465 Trasumenum
520 1426 588 1465 cum
618 1407 753 1465 exercitii
783 1405 903 1464 insidiis
933 1406 1057 1463 circum-

158 1519 285 1568 ventum
311 1509 433 1581 occidit,
461 1528 562 1585 neque
591 1510 688 1568 multo
715 1519 785 1585 post
813 1512 847 1567 C.
872 1508 1056 1567 Centenium

157 1619 331 1688 praeterem
358 1631 427 1670 cum
453 1613 573 1673 delecta
603 1622 694 1671 manu
721 1611 816 1671 saltus
843 1622 1055 1686 occupantem.

120 1715 245 1775 4Hinc
270 1714 301 1771 in
325 1708 467 1791 ilpuliam
492 1716 640 1791 pervenit.
697 1716 745 1774 lbi
769 1715 891 1773 obviam
918 1724 946 1773 ei
969 1720 1057 1772 vene-

157 1828 230 1877 runt
256 1818 317 1877 duo
343 1820 496 1890 censules‚
526 1821 560 1879 C.
587 1802 753 1878 Terentius
779 1829 810 1878 et
836 1820 870 1877 L.
896 1818 1054 1877 Aemilius.
1078 1840 1106 1892 15

158 1923 330 1997 Utriusque
359 1922 510 1980 exercitirs
540 1929 601 1981 une
631 1922 748 1998 proelie
777 1922 902 1998 fugavit,
929 1922 1056 1979 Paulum

158 2025 320 2084 censulem
335 2025 448 2084 occidit
466 2035 497 2083 et
516 2025 633 2100 aliquot
648 2034 806 2101 praeterea
821 2025 1008 2095 cumulares,
1025 2023 1054 2080 in

157 2128 197 2186 iis
213 2130 271 2187 Cn.
291 2127 450 2186 Servilium
466 2128 640 2200 Geminum,
657 2137 709 2203 qui
726 2128 882 2204 superisne
899 2135 980 2185 anno
994 2127 1057 2184 fue-

158 2240 205 2289 rat
220 2231 339 2289 consul.

158 2437 334 2495 resistente.
381 2439 415 2495 ln
444 2445 625 2513 propinquis
650 2437 718 2495 urbi
742 2437 898 2496 montibus
922 2447 1057 2497 monitus

158 2549 216 2598 est.
277 2541 354 2598 Cum
386 2539 504 2615 aliquot
532 2539 575 2597 ibi
602 2539 675 2597 ‘dies
705 2550 807 2598 castra
836 2540 997 2599 habuisset
1027 2551 1058 2599 et

159 2644 300 2718 Capuam
318 2649 528 2713 reverteretur,
549 2644 587 2715 Q.
609 2641 723 2700 Fabius
743 2642 906 2714 Maximus,
927 2643 1059 2703 dictetor

123 2755 141 2805 2
160 2747 330 2817 RemenuS,
347 2745 378 2802 in
395 2751 469 2821 agre
486 2745 617 2803 Falerno
636 2754 664 2802 ei
683 2751 716 2802 se
732 2745 854 2806 obiecit.
901 2747 964 2804 Hic
979 2747 1058 2804 elau-

159 2867 212 2906 sus
236 2848 373 2906 locerum
396 2848 547 2924 angustiis
572 2857 666 2906 noctir
692 2847 758 2905 sine
786 2849 847 2906 tillo
874 2850 1058 2907 detrimento
1078 2870 1108 2919 25

159 2950 310 3008 exercitiis
333 2958 367 3009 se
390 2951 546 3027 expedivit
563 2950 729 3026 Fabieque,
747 2951 946 3009 callidissime
967 2951 1059 3028 impe-

201 3116 215 3149 2
233 3102 362 3166 decernit,
376 3103 503 3159 dimicat;
525 3103 657 3166 saucium,
670 3104 838 3150 vulneretum.
848 3131 881 3139 —
892 3117 921 3150 10
934 3105 1057 3167 ferretur,

158 3187 298 3233 veheretur.
307 3212 341 3220 —
350 3198 379 3248 13
398 3185 496 3249 talliis,
509 3188 642 3247 angustias
657 3187 790 3232 montium.
799 3214 832 3220 -
841 3198 867 3232 21
888 3187 1057 3250 propinquis,

160 3268 296 3332 finitimr's.
308 3296 338 3302 —
347 3267 378 3316 26
392 3268 580 3332 callidissime,
595 3270 759 3330 peririssimci.
