2492 3700
217 250 249 299 18
462 255 759 303 THEMISTOCLEs.
795 268 871 317 ero.
946 225 950 232 ¹

214 422 359 498 conloqui
368 427 447 494 vole,
459 443 594 482 annuum
608 423 683 480 mihi
699 430 821 498 tempus
834 422 889 480 des
905 428 1005 497 eeque
1020 428 1116 479 treus·

218 532 288 583 ecte
304 525 344 583 ad
359 531 390 583 te
405 534 509 584 venire
525 525 683 602 patieris”

169 627 216 688 10
260 626 364 686 Huius
378 634 431 687 rex
448 628 542 685 animi
553 626 797 704 magnitudinem
809 628 965 686 admireris
978 626 1116 704 cupiens-

219 749 278 805 que
294 730 387 789 telem
402 730 500 788 virum
515 730 574 789 sibi
593 730 752 789 conciliari
773 730 896 790 veniam
919 729 1013 788 dedit.
1060 729 1116 788 Ille

219 851 310 891 omne
326 832 401 891 illud
417 843 539 909 tempus
562 833 671 892 litteris
694 841 888 910 sermonique
905 835 1067 892 Perserum
1083 838 1116 891 se
1154 847 1168 898 5
1234 866 1235 915 ἢ

219 935 357 1002 dedidit:
380 936 493 1012 quibus
509 936 589 995 adee
604 936 742 995 eruditus
758 946 815 1009 est,
828 945 861 994 ut
877 936 973 994 multo
985 953 1117 993 commo

220 1038 289 1097 dius
305 1039 425 1098 dicetur
441 1040 523 1115 apud
539 1046 640 1115 regem
657 1040 751 1097 verba
766 1038 878 1098 iecisse
891 1057 982 1114 quam
999 1037 1020 1095 ii
1034 1046 1118 1114 pote-

185 1157 203 1206 2
219 1131 364 1217 rant,qui
379 1141 410 1200 in
427 1142 554 1201 Perside
570 1151 658 1201 erant
673 1150 747 1200 neti.
780 1143 843 1200 Hic
858 1160 927 1199 cum
943 1141 1039 1200 multa
1054 1147 1118 1216 regi

220 1254 314 1320 esset¹
331 1245 487 1321 pollicitus
515 1244 787 1322 gratissimumque
816 1244 900 1317 illud,
925 1253 951 1302 si
981 1252 1044 1302 suis
1074 1251 1118 1301 uti

220 1347 357 1406 consiliis
379 1348 481 1419 vellet,
497 1347 583 1406 illum
605 1347 768 1406 Graeciam
788 1347 871 1406 bello
890 1356 1116 1423 oppressurum,
1140 1369 1171 1404 ιο

221 1458 340 1526 megnis
362 1449 539 1509 muneribus
558 1450 598 1509 ab
619 1453 788 1509 Artaxerxe
810 1451 945 1510 detritus
963 1450 994 1507 in
1010 1449 1119 1508 Asiam
1236 1430 1237 1517 i

220 1553 311 1611 rediit
347 1553 596 1629 domiciliumque
635 1553 816 1630 Magnesiae
852 1553 912 1614 sibi
948 1551 1116 1612 constituit.

186 1657 363 1731 3Namque
389 1656 470 1714 hanc
496 1657 602 1714 urbem
628 1665 657 1714 ei
682 1664 734 1715 rex
760 1657 891 1716 denerat
919 1657 967 1714 his
994 1656 1119 1732 quidem

221 1760 331 1831 verbis,
356 1778 435 1834 quae
460 1768 488 1818 ei
511 1768 624 1834 panem
646 1760 808 1835 praeberet
833 1758 886 1838 (ex
910 1767 971 1835 que
994 1759 1119 1836 regione

222 1870 439 1939 quinquagena
461 1863 577 1921 talenta
600 1872 767 1939 quotannis
789 1863 957 1943 redibant),
975 1865 1122 1940 Lampsa·
1143 1884 1173 1935 15

223 1984 291 2023 cum
314 1975 425 2038 autem,
443 1967 525 2025 unde
548 1975 652 2037 vinum
676 1976 817 2038 sumeret,
839 1969 978 2044 Myunta,
999 1985 1036 2025 ex
1058 1975 1121 2043 que

223 2068 386 2133 obsonium
402 2069 539 2127 haberet.

266 2171 368 2230 Huius
391 2172 431 2230 ad
454 2180 591 2230 nostram
614 2171 792 2231 memoriam
816 2182 1016 2231 monumenta
1037 2181 1121 2232 men-

224 2282 329 2334 serunt
345 2275 425 2334 duo:
448 2275 622 2351 sepulcrum
645 2294 742 2351 prope
765 2275 913 2351 oppidum
939 2275 970 2334 in
992 2283 1053 2351 que
1073 2285 1122 2335 est

188 2390 205 2439 4
223 2378 370 2453 sepultus,
384 2387 488 2437 statua
503 2377 535 2435 in
549 2379 618 2437 foro
635 2378 825 2454 Magnesiae.
858 2380 906 2437 De
922 2377 1008 2437 cuius
1024 2388 1123 2438 morte
1144 2399 1176 2433 20

223 2482 326 2539 multis
348 2482 449 2540 modis
471 2481 554 2557 apud
576 2480 739 2557 pleresque
756 2490 974 2557 scriptumest,
992 2482 1048 2540 sed
1064 2489 1123 2541 nos

223 2585 356 2643 eundem
377 2583 572 2660 potissimum
594 2584 810 2662 Thucydidem
835 2592 992 2644 auctorem
1013 2585 1124 2660 proba·

223 2706 299 2758 muS,
312 2696 364 2763 qui
380 2687 463 2745 illum
477 2687 520 2745 ait
533 2686 714 2763 Magnesiae
730 2688 839 2747 morbo
853 2696 1006 2746 mortuum
1021 2706 1124 2763 neque

224 2800 317 2866 negat
331 2790 428 2849 luisse
443 2790 557 2849 fernam
573 2797 726 2849 venenum
742 2799 798 2849 sua
813 2800 924 2866 sponte
942 2789 1123 2867 sumpsisse,

157 2874 160 2878 ¹
223 2912 293 2951 cum
309 2900 350 2965 se,
368 2912 447 2969 quae
463 2900 526 2969 regi
542 2894 580 2952 de
596 2892 727 2952 Graecie
741 2892 944 2970 opprimendae
966 2893 1125 2970 pollicitus
1146 2914 1161 2947 2
1166 2913 1179 2964 5

190 3004 206 3053 5
224 3006 316 3070 esset,
333 3006 490 3074 praestere
508 3015 601 3073 posse
621 2998 807 3073 desperaret.
852 2991 939 3056 Idem
962 3016 1034 3056 ossa
1056 2996 1125 3057 eius

267 3164 280 3216 5
296 3151 424 3215 sermoni,
443 3152 619 3213 linguae-7
639 3152 722 3201 verba
739 3148 848 3214 fecisse,
865 3152 975 3198 locatum
994 3166 1052 3198 esse.
1062 3165 1127 3213 —9

224 3234 423 3299 gretissimum,
445 3234 669 3282 iucundissimum.
680 3261 712 3269 —
725 3246 750 3279 rr
772 3232 939 3298 muneribus,
959 3233 1082 3281 deum-
1093 3247 1125 3299 13

224 3318 347 3382 dimitat,
362 3318 470 3365 dederat.
480 3346 514 3352 -
524 3316 556 3365 26
568 3317 718 3380 praesilire,
724 3317 820 3379 facere.
