2492 3700
437 218 672 266 nncrnranns.
708 231 730 278 7,
743 217 766 266 8.
1020 215 1053 268 37

151 385 233 444 ciam
248 386 373 458 introiit,
386 386 551 463 glbrlbsius
567 384 956 443 existimans'barbardrum
969 403 1053 459 prae

115 498 132 546 5
151 489 193 547 da
210 488 389 565 locupletari
405 507 498 565 quam
514 488 685 547 Graidrum.
730 487 801 560 Qua
817 505 854 546 ex
869 494 901 545 re
916 494 1053 546 creverat

151 611 224 650 cum
245 593 329 650 fama
350 602 413 650 tum
435 592 555 669 opibus,
573 600 779 668 magnamque
803 589 969 648 amicitiam
993 590 1052 649 sibi

152 713 223 753 cum
239 695 424 770 quibusdam
440 695 563 771 regibus
579 694 732 752 Thraciae
747 702 918 770 pepererat.
992 731 1014 770 0

108 803 132 862 8
198 800 308 874 Neque
323 807 426 856 tamen
445 807 464 856 a
486 797 613 856 caritate
636 797 754 873 patriae
776 796 876 873 potuit
898 797 1049 855 recedere.
1088 812 1101 864 5

153 903 236 958 Nam
257 920 327 959 cum
353 901 436 976 apud
463 903 567 977 Aegos
596 900 709 958 flumen
741 898 902 971 Philocles,
929 909 1052 975 praetor

152 1003 397 1075 Atheniensium,
429 1003 560 1062 classem
591 1002 805 1062 cunstituisset
833 1020 921 1060 suam
950 1021 1051 1078 neque

152 1107 245 1183 longe
261 1107 384 1165 abesset
400 1107 568 1184 Lysander,
585 1116 709 1182 praetor
724 1105 1050 1178 Lacedaemoniorum,

152 1208 252 1284 quiin
269 1217 306 1269 er')
322 1219 386 1268 erat
401 1217 571 1286 occupatus
586 1218 619 1266 ut
635 1209 750 1267 bellurn
766 1227 857 1284 quam
879 1207 1051 1267 diutissime

152 1312 288 1384 duceret,
305 1312 388 1388 quod
403 1312 478 1388 ipsis
499 1311 630 1387 pecunia
652 1321 670 1370 a
693 1319 764 1388 rege-
785 1312 1049 1388 suppeditabatur,
1072 1332 1102 1366 10

153 1424 261 1473 contra
290 1415 535 1474 Atheniensibus
564 1415 723 1473 exhaustis
756 1423 877 1491 praeter
911 1433 995 1472 arma
1020 1425 1051 1473 et

116 1525 249 1580 2na'rves
279 1518 354 1576 nihil
383 1527 449 1576 erat
477 1537 576 1594 super,
608 1517 786 1576 Alcibiades
815 1518 855 1575 ad
884 1518 1050 1577 exercitum

152 1620 238 1679 venit
263 1621 497 1680 Atheniensium
525 1621 629 1696 ibique
656 1630 817 1697 praesente
843 1621 934 1697 volgr')
960 1640 1050 1698 agere

152 1723 277 1799 coepit:
307 1731 333 1782 si
356 1724 478 1795 vellent,
496 1731 529 1782 se
552 1733 727 1784 coacturum
751 1724 943 1816 Lysandrum
966 1724 1050 1781 dimi-

152 1835 223 1886 care
239 1836 292 1886 aut
309 1823 543 1905 pacem'petere
566 1827 756 1904 spopondit;
787 1827 1049 1888 Lacedaemonius
1071 1855 1100 1906 15

153 1938 191 1989 ed
210 1930 292 1989 ndlle
314 1924 423 1990 classe‘
436 1931 611 2008 cdnfligere
622 1932 712 2007 'quod
734 1930 930 2007 pedestribus
952 1931 1050 2007 cbpiis

118 2046 135 2095 3
152 2034 222 2109 plus
239 2052 331 2109 quam
346 2034 477 2093 navibus
494 2034 633 2093 valerent
648 2058 654 2106 ;
677 2034 736 2092 sibi
752 2044 854 2093 autern
870 2053 939 2092 esse
959 2035 1050 2092 facile

154 2137 431 2215 Seuthem-regem
453 2138 618 2209 Thracum,
640 2138 792 2195 adducere
819 2146 853 2195 ut
878 2156 948 2195 eum
970 2147 1050 2196 terra

152 2240 341 2316 depelleret3
379 2248 441 2316 qur')
464 2241 548 2300 factr‘)
570 2240 747 2299 necessaris>
771 2250 823 2298 aut
852 2241 951 2299 classe
981 2248 1050 2299 ebn-

117 2344 306 2402 4fllctr'1rum
329 2353 381 2401 aut
404 2343 520 2401 bellum
543 2344 791 2419 compositurum.
838 2344 875 2402 Id
898 2353 957 2402 etsi
980 2352 1050 2401 vere
1069 2374 1101 2408 20

152 2446 270 2504 dictum
297 2446 450 2505 Philocles
477 2446 750 2518 animadvertebat,
770 2457 873 2505 tamen
895 2448 1050 2523 postulata

152 2550 255 2608 tacere
278 2548 384 2621 naluit,
409 2550 492 2625 quod
515 2549 670 2609 sentiebat
693 2556 727 2608 se
743 2550 904 2608 Alcibiade
926 2558 1051 2625 receptd

152 2652 266 2711 nullius
283 2660 431 2711 mbrnenti
446 2653 529 2728 apud
545 2653 712 2711 exercitum
727 2654 862 2711 futurum
878 2663 917 2724 et,
935 2663 961 2711 si
977 2653 1051 2729 quid

152 2754 282 2813 secundi
305 2754 467 2826 evenisset,
491 2755 604 2813 nnllam
630 2755 661 2812 in
691 2765 728 2814 ea
757 2764 789 2813 re
818 2775 905 2813 suam
933 2766 1051 2832 partem

151 2858 227 2930 fore,
244 2836 353 2915 centra
368 2876 413 2943 ea,
431 2858 547 2933 siquid
568 2858 691 2915 adversi
713 2858 884 2930 accidisset,
902 2866 935 2916 se
958 2869 1050 2915 unum
1071 2890 1082 2921 2
1088 2891 1100 2938 5

193 3040 404 3105 4quibustlam,
439 3042 579 3087 ndnmillt‘s.
592 3043 785 3104 -peperetat‚
821 3042 1005 3090 concilidverut.
1018 3068 1051 3075 —

154 3138 185 3172 10
202 3124 320 3187 duceret,
329 3124 488 3184 preduceret.
496 3151 530 3157 -
538 3121 773 3187 suppeditabatur,
784 3124 941 3169 damtun-
952 3136 979 3167 12
992 3123 1051 3171 erat
1089 3128 1096 3146 ’

152 3220 241 3271 super,
252 3206 368 3253 resta'bat.
376 3232 411 3241 -
420 3204 450 3253 16
467 3205 648 3269 pedestribus,
658 3206 823 3251 terrestribus.
832 3232 865 3241 -
873 3219 899 3264 17
919 3205 1049 3268 valfirent,

152 3295 261 3350 possent.
