2492 3700
420 169 626 217 HANNIBAL.
665 182 754 233 12,13.
1004 166 1034 218 77

97 346 114 394 5
133 336 336 395 obsideretur.
383 337 462 394 Puer
477 354 546 393 cum
562 335 703 395 celeriter
725 334 800 411 quid
822 344 905 393 esset
927 343 1035 393 renun-

132 438 246 497 tiasset
258 445 427 514 omnesque
439 438 538 497 exitus
550 445 719 514 occupatos
729 437 926 510 ostendisset,
939 438 1035 499 sensit

133 541 166 600 id
182 549 246 601 nou
262 542 388 600 fortuito
400 542 524 613 iactum,
538 542 594 599 sed
607 547 641 599 se
656 549 720 617 peti
736 559 836 617 neque
849 540 908 599 sibi
920 542 1035 600 diutius

133 653 231 703 vitam
254 663 323 702 esse
347 644 549 703 retinendam.
598 644 699 718 Quam
723 651 762 702 ne
785 646 886 704 alieno
909 645 1035 704 arbitrio

134 748 313 818 dimitteret,
340 766 456 805 memor
481 748 679 823 pristinarum
704 746 849 807 virtutum
873 756 1034 820 venenum,
1073 767 1085 817 5

135 850 221 927 quod
237 868 358 926 semper
374 857 478 909 secum
494 851 608 909 habere
625 859 797 923 consuerat,
815 852 953 928 sumpsit.

83 952 132 1012 13
180 955 231 1011 Sic
255 952 300 1009 vir
325 952 522 1025 fortissimus,
548 955 653 1014 multis
677 956 830 1031 variisque
856 955 1036 1031 perfunctus

135 1055 305 1127 laboribus,
333 1064 416 1115 anno
443 1056 600 1132 adquievit
628 1058 865 1135 septuagesimo.
915 1058 1036 1131 Quibus

136 1159 319 1219 consulibus
343 1159 500 1232 interierit,
518 1169 580 1220 non
602 1162 754 1220 convenit.
800 1163 943 1237 Namque
960 1162 1037 1219 Atti-

136 1282 193 1322 cus
217 1264 260 1320 M.
286 1262 418 1322 Claudio
441 1264 591 1325 Marcello
614 1266 652 1338 Q.
678 1264 775 1324 Fabio
798 1265 944 1323 Labeone
967 1272 1088 1324 con-10

136 1366 259 1426 sulibus
276 1375 429 1426 mortuum
448 1368 479 1425 in
498 1368 603 1426 annali
619 1376 676 1426 suo
692 1378 838 1443 scriptum
856 1366 988 1444 reliquit,
1006 1377 1038 1425 at

139 1472 288 1551 Polybius
311 1474 345 1530 L.
366 1471 498 1530 Aemilio
522 1471 618 1530 Paulo
643 1473 699 1529 Cn.
724 1471 841 1529 Baebio
863 1470 1036 1548 Tamphilo,

139 1574 296 1651 Sulpicius
325 1584 428 1633 autern
460 1574 562 1633 Blitho
593 1575 625 1631 P.
654 1573 799 1633 Cornelio
826 1574 966 1650 Cethego
993 1575 1036 1632 M.

101 1680 120 1729 2
140 1676 450 1753 Baebiu'ramphilu.
496 1679 599 1751 Atque
619 1676 670 1733 hic
691 1686 795 1734 tantus
815 1676 862 1734 vir
881 1686 1037 1751 tantisque

136 1780 230 1839 bellis
256 1780 414 1839 districtus
441 1778 581 1838 nonnihil
607 1779 754 1856 temporis
783 1779 890 1837 tribuit
919 1779 1036 1838 litteris
1060 1804 1088 1856 15

139 1887 284 1960 Namque
313 1883 431 1959 aliquot
457 1883 524 1942 eius
550 1883 618 1941 libri
645 1892 725 1954 sunt,
753 1883 873 1942 Graeco
898 1891 1038 1942 sermone

138 1987 285 2057 conlecti,
302 1985 333 2043 in
354 1986 391 2044 iis
412 1987 452 2045 ad
473 1985 614 2045 Rhodios
639 1987 677 2044 de
701 1987 757 2044 Cn.
775 1987 875 2043 Manli
891 1985 1038 2044 Volsonis

102 2102 121 2152 3
139 2091 170 2147 in
188 2089 266 2148 Asia
285 2090 378 2148 rebus
398 2099 503 2166 gestis.
550 2089 652 2147 Huius
673 2089 746 2146 belli
766 2098 854 2164 gesta
874 2090 961 2147 multi
981 2108 1039 2147 me·

138 2193 255 2251 moriae
272 2192 481 2268 prodiderunt,
499 2191 555 2250 sed
575 2210 613 2249 ex
631 2192 679 2249 his
700 2191 770 2263 du0‚
788 2201 839 2267 qui
860 2211 930 2250 curn
950 2200 987 2251 eo
1008 2193 1038 2248 in

138 2304 250 2354 castris
270 2296 394 2354 fuerunt
412 2294 564 2370 simulque
584 2302 723 2352 vixerunt
746 2295 891 2370 quamdiu
917 2291 1039 2354 fortuna
1059 2319 1090 2352 20

139 2417 234 2475 passa
256 2410 313 2469 est,
331 2398 453 2456 Silenus
475 2406 506 2456 et
530 2396 648 2456 Sosilus
668 2397 943 2456 Lacedaemonius.
988 2400 1039 2456 At-

139 2520 201 2578 que
217 2501 277 2559 hoc
294 2500 394 2559 Sosild
408 2499 568 2558 Hannibal
584 2499 751 2558 litterarum
765 2501 950 2559 Graecarum
967 2510 1039 2558 usus

139 2614 188 2664 est
204 2605 339 2663 doctore.

99 2717 121 2766 4
184 2707 247 2766 Sed
271 2713 329 2765 nos
351 2715 473 2782 tempus
496 2715 544 2764 est
565 2705 656 2764 huius
680 2706 748 2764 libri
770 2706 873 2764 lacere
895 2707 991 2765 finem
1010 2715 1040 2764 et

141 2813 354 2869 Romanorum
366 2809 520 2886 explicare
533 2807 742 2884 imperatores
755 2815 816 2884 quo
826 2808 956 2881 facilius,
971 2828 1040 2866 con·
1060 2831 1090 2880 25

139 2915 212 2972 latis
240 2919 437 2988 utrbrumque
466 2912 566 2982 factis
593 2917 645 2986 qui
670 2911 725 2969 viri
755 2911 949 2986 praeferendi
979 2911 1041 2971 sint

137 3015 242 3094 possit
257 3015 394 3074 iudicari.

182 3163 198 3213 3
216 3147 341 3213 fortuito,
362 3153 494 3208 cristi-7
514 3147 609 3210 variis,
631 3147 812 3210 diversis—9
830 3148 967 3212 convenit,
988 3155 1041 3195 co'n·

138 3241 276 3292 star-17
296 3229 422 3295 coniecti,
435 3236 530 3292 scrpta.
