2492 3700
180 219 212 269 32
464 219 696 268 nucrssrnnus.
732 234 755 283 3,
764 234 787 278 4.

181 387 212 444 in
228 395 265 446 ee
280 388 437 447 habebant
452 389 623 460 maiximam,
641 388 697 446 sed
713 388 806 446 etiam
827 388 976 460 timerem,
993 389 1078 465 quod

147 499 164 548 6
181 499 212 576 et
226 492 337 549 obesse
352 490 513 566 plurimum
534 501 564 549 et
584 491 732 567 predesse
754 500 881 567 poterat.
927 494 1078 568 Asperge

180 593 270 652 betur
299 593 391 652 etiam
421 593 554 666 infrimie,
586 595 670 670 quod
699 594 730 651 in
759 594 851 653 dome
883 603 939 653 sue
974 594 1077 653 iacere

181 696 323 774 mysteria
339 696 516 769 dicebaitur3
548 697 631 774 quod
653 697 742 755 neies
764 706 829 755 erat
851 705 935 756 mere
951 697 1078 755 Atheni-

181 799 308 873 ensium,
326 800 418 875 idque
441 807 503 859 nen
526 800 565 858 ad
591 800 778 876 religionem,
796 800 851 858 sed
875 800 915 858 ad
941 800 1078 859 coniere-
1116 815 1131 868 5

181 903 296 962 tienem
311 904 463 980 pertinere
479 904 719 964 existimabatur.

144 1012 168 1071 4
223 1008 296 1066 Hec
311 1007 437 1066 crimine
453 1007 484 1064 in
500 1007 646 1066 centiene
662 1008 701 1066 ab
721 1008 853 1067 inimicis
874 1007 1078 1083 compellebe-

181 1119 236 1168 tur.
282 1110 342 1168 Sed
359 1111 493 1169 instebat
514 1120 635 1186 tempus
658 1111 698 1169 ad
719 1111 833 1169 bellum
851 1111 1076 1186 proficiscendi.

181 1213 219 1271 Id
234 1212 284 1272 ille
300 1213 422 1272 intuens
439 1233 538 1288 neque
562 1221 705 1291 ignerens
727 1215 838 1273 civium
861 1222 985 1274 suerum
1007 1221 1078 1273 cen·

181 1316 374 1376 suetudinem
400 1318 583 1392 postulebat,
611 1327 636 1375 si
660 1317 734 1392 quid
758 1317 796 1376 de
820 1324 853 1376 se
880 1327 929 1394 agi
953 1317 1076 1390 vellent,
1100 1338 1132 1373 10
1159 1398 1163 1402 .

180 1419 283 1495 potius
299 1420 336 1478 de
351 1429 514 1497 praesente
526 1420 666 1495 quaestie
681 1421 845 1479 haberetur
856 1440 947 1496 quam
963 1421 1078 1480 absens

146 1522 314 1581 2invidiae
343 1523 469 1581 crimine
499 1531 701 1582 accusaretur.
759 1524 880 1582 Inimici
909 1531 981 1583 vere
1011 1524 1077 1582 eius

181 1625 401 1702 quiescendum
416 1627 447 1684 in
463 1636 626 1702 praesenti,
644 1627 716 1702 quia
732 1635 834 1686 noceri
854 1637 883 1686 ei
903 1635 965 1686 nen
985 1647 1078 1704 posse

180 1728 408 1806 intellegebant,
425 1740 456 1789 et
471 1730 547 1789 illud
568 1740 689 1807 tempus
712 1731 953 1808 exspectandum
976 1731 1078 1790 decre

180 1840 290 1893 verunt
325 1841 386 1911 que
419 1842 541 1907 exisset,
572 1844 605 1894 ut
635 1835 794 1895 absentem
830 1834 1076 1913 aggrederentur,
1098 1846 1132 1900 15

146 1937 283 2013 3itaque
303 1939 450 1997 fecerunt.
473 1924 586 1996 ¹*Nam
609 1948 773 2015 postquam
795 1939 826 1997 in
851 1939 984 1998 Siciliam
1007 1958 1078 1998 eum

180 2041 357 2116 pervenisse
373 2040 576 2114 crediderunt,
591 2042 759 2115 absentem,
773 2044 856 2119 quod
872 2062 958 2101 sacra
970 2041 1079 2102 violes·

137 2191 139 2195 .
180 2153 235 2216 set,
252 2163 337 2203 reum
357 2145 504 2204 fecerunt.
549 2145 621 2218 Que
641 2146 681 2204 de
706 2154 739 2204 re
765 2165 834 2204 curn
858 2156 886 2204 ei
911 2145 1037 2205 mintius
1059 2155 1078 2205 ai

180 2246 358 2324 magistretir
380 2248 410 2304 in
431 2247 565 2307 Siciliam
588 2257 699 2308 missus
721 2258 813 2321 esset,
837 2258 870 2307 ut
891 2250 1015 2308 domurn
1038 2250 1079 2309 ad

180 2369 305 2409 causam
331 2351 494 2409 dicendam
520 2351 642 2423 rediret,
659 2361 802 2427 essetque
826 2352 857 2409 in
883 2361 996 2429 magnai
1022 2359 1078 2428 spe
1098 2374 1132 2410 20

179 2454 355 2529 previnciae
377 2454 457 2513 bene
480 2454 749 2527 administrandae,
766 2463 830 2514 nen
851 2462 958 2531 perere
980 2455 1079 2515 neluit

180 2568 210 2615 et
240 2557 271 2614 in
301 2558 463 2631 triremem,
492 2578 570 2635 quae
601 2558 640 2616 ad
670 2578 740 2617 eum
755 2568 820 2617 erat
852 2558 1078 2634 deportandum

145 2670 281 2733 4missa,
306 2661 455 2720 ascendit.
502 2663 572 2719 Hic
596 2662 729 2721 Thuries
754 2662 785 2718 in
808 2656 931 2720 ltaliam
955 2670 1078 2738 pervec-

179 2775 237 2835 tus,
254 2764 349 2823 multa
370 2772 473 2823 secum
499 2774 646 2840 reputeris
673 2765 711 2823 de
737 2765 939 2825 immodereta'r
965 2766 1078 2824 civium

179 2874 303 2926 suerum
326 2867 449 2926 licentia
471 2867 712 2944 crudeliteteque
735 2877 807 2945 erge
832 2867 961 2941 nebiles,
985 2868 1078 2927 utilis
1098 2890 1132 2943 ²3

221 3000 476 3065 7compellibitur‚
506 2986 765 3063 appelldbdtur.·—9
789 3000 908 3065 intuens,
929 3003 967 3048 ·in
996 3009 1079 3049 mente

179 3084 359 3131 habens-11
381 3084 533 3148 haberetur,
554 3084 638 3145 fieret.
649 3113 682 3119 —
694 3098 723 3144 14
740 3083 945 3147 intellegebant,
961 3085 1077 3132 sciebant.

84 3241 85 3245 Ἰ
178 3195 211 3202 -
221 3168 404 3232 decreverunt,
423 3172 573 3215 statuerunt.
583 3196 617 3203 -
628 3181 656 3232 15
673 3169 889 3232 aggrederentur,
903 3170 1077 3216 adorirentur.

181 3249 210 3297 18
228 3262 304 3300 reum
321 3247 451 3313 fecerunt,
468 3254 703 3297 acczisdverunt.—
713 3263 743 3308 ²4
761 3238 901 3314 reputeris,
918 3251 1079 3313 cogitans.—

180 3346 193 3378 2
198 3344 210 3395 5
228 3334 301 3396 erge,
314 3332 350 3378 in.
