2492 3700
196 207 229 256 68
503 210 708 257 naumann.
745 224 800 269 2-4.

197 374 254 445 bis,
268 382 299 432 te
314 374 414 451 ipsum
431 376 635 446 frustraberis,
650 384 676 433 si
692 384 752 434 nim
768 384 815 434 me
831 376 861 432 in
875 384 912 434 ef)
928 375 1099 452 principem

197 477 368 552 posueris.'’
953 538 957 546 ,

161 581 184 641 3
247 582 318 638 Hac
347 581 439 657 igitur
468 590 529 656 qua
557 581 690 640 diximus
721 589 821 640 aetate
851 601 919 640 cum
950 591 1035 657 patre
1066 582 1098 640 in

199 682 384 759 Hispaniam
405 684 562 759 profectus
583 694 648 756 est;
672 685 758 743 cuius
777 696 848 761 post
866 683 994 756 obitum,
1019 686 1099 743 Has-
1153 738 1158 749 ,
1230 664 1231 671 ¹

198 785 324 844 drubale
337 786 520 862 imperature
534 786 675 859 suffecti),
689 787 840 863 equitatui
855 797 939 845 omni
955 788 1095 863 praefuit.
1137 806 1150 856 5
1231 799 1232 875 l

199 889 270 946 Huc
295 908 418 965 quoque
443 888 608 948 interiectu
635 890 787 949 exercitus
813 908 962 948 summam
988 890 1097 966 imperi

198 990 237 1049 ad
257 1010 326 1049 eum
348 992 466 1051 detulit.
513 992 550 1051 Id
570 992 795 1069 Karthaginem
816 994 954 1051 delatum
974 993 1097 1069 publice

163 1102 180 1152 2
197 1095 430 1169 comprobatum
449 1104 504 1154 est.
551 1096 601 1154 Sic
619 1096 778 1153 Hannibal
797 1095 896 1153 minor
912 1105 1047 1171 quinque
1066 1107 1097 1154 et

197 1196 305 1273 viginti
332 1207 420 1255 annis
451 1205 541 1257 natus
568 1198 733 1273 imperator
756 1199 857 1257 lactus
883 1198 1022 1273 proximi>
1048 1199 1097 1257 tri·

197 1299 291 1359 ennii}
313 1307 420 1359 omnes
442 1308 551 1378 gentes
576 1300 749 1377 Hispaniae
779 1300 860 1359 bellu
890 1301 1019 1377 subegit,
1045 1302 1096 1359 Sa·
1119 1329 1150 1362 10
1234 1322 1235 1409 l

197 1412 335 1479 guntum,
358 1403 551 1463 foederatam
574 1403 738 1475 civitatem,
763 1413 792 1461 vi
815 1404 1009 1479 expugnavit,
1033 1411 1096 1463 tres

164 1506 349 1567 3exercitus
375 1506 524 1565 maximus
550 1503 749 1582 'comparavit
804 1508 849 1565 Ex
872 1507 921 1564 his
946 1516 1039 1565 unum
1064 1507 1095 1564 in

198 1610 334 1669 Africam
358 1610 450 1681 misit,
476 1610 604 1667 alterum
629 1628 698 1667 cum
724 1608 923 1668 Hasdrubale
946 1610 1040 1669 fratre
1064 1610 1095 1667 in

199 1714 354 1790 Hispania
375 1714 505 1790 reliquit,
528 1713 652 1772 tertium
674 1712 706 1770 in
729 1700 851 1772 ltaliam
874 1720 978 1772 secum
999 1713 1094 1773 duxit.

199 1818 316 1877 Saltum
333 1820 524 1894 Pyrenaeum
544 1815 674 1876 transiit.
721 1816 923 1894 Quacumque
939 1816 997 1876 iter
1011 1817 1094 1889 lecit,
1118 1844 1146 1895 ¹5

198 1941 267 1980 cum
283 1921 426 1979 omnibus
442 1921 552 1980 incolis
568 1920 719 1992 chnflixit3
741 1921 895 1980 neminem
911 1921 969 1979 nisi
982 1931 1096 1980 victum

164 2034 181 2081 4
198 2025 321 2083 dimisit.
367 2024 418 2083 Ad
434 2025 530 2100 Alpes
549 2032 751 2100 posteaquam
767 2023 859 2096 venit,
877 2042 955 2100 quae
974 2017 1096 2083 ltaliam

199 2128 237 2186 ab
253 2127 354 2186 Gallia
371 2127 544 2204 seiungunt,
563 2135 640 2203 quas
657 2133 747 2186 nemu
764 2145 908 2204 umquam
927 2146 995 2185 cum
1014 2146 1096 2186 exer·

198 2231 260 2289 citu
278 2241 349 2290 ante
368 2250 437 2289 eum
457 2240 578 2306 praeter
598 2230 766 2289 Herculem
785 2230 910 2288 Graium
931 2230 1096 2290 transierat

200 2336 276 2415 (qus)
294 2335 377 2392 laets)
396 2334 422 2391 is
441 2334 533 2392 hodie
551 2333 649 2392 saltus
668 2333 780 2392 Graius
800 2333 995 2413 appellatur),
1013 2333 1095 2409 Alpi·
1116 2359 1147 2394 20

198 2444 251 2495 cus
269 2444 418 2495 chnantes
437 2437 598 2512 prohibere
616 2435 750 2495 transitu
768 2436 913 2507 concidit,
930 2436 998 2494 loca
1013 2447 1096 2512 pate-

197 2539 280 2611 fecit,
294 2540 406 2598 itinera
418 2540 534 2611 muniit,
549 2539 653 2598 effecit
669 2549 702 2597 ut
718 2547 754 2597 ea
769 2539 952 2614 elephantus
969 2546 1096 2598 Ornatus

198 2653 241 2701 ire
264 2655 369 2719 posset
394 2652 454 2719 qua
478 2651 569 2702 antea
590 2652 669 2701 smus
689 2643 780 2700 homi)
803 2641 926 2700 inermis
945 2643 995 2700 vix
1013 2653 1096 2717 pote-

198 2756 244 2804 rat
275 2754 388 2823 repere.
445 2747 515 2804 Hac
546 2745 653 2821 cupias
684 2744 818 2803 traduxit
848 2745 879 2802 in
912 2739 1096 2821 Italiamque

198 2850 346 2926 pervenit.
1115 2875 1129 2908 2
1134 2875 1147 2926 5

161 2959 185 3017 4
241 2952 429 3012 Conflixerat
459 2954 541 3029 apud
568 2953 756 3010 Rhodanum
786 2968 854 3007 cum
887 2953 918 3008 P.
951 2951 1096 3010 Cornelii)

242 3119 251 3153 1
272 3105 455 3169 frustraberis,
466 3105 621 3169 fallea-4
639 3103 753 3167 abitum,
771 3109 925 3150 mortem.—
934 3115 947 3167 5
965 3101 1095 3169 praefuit,

202 3191 346 3255 praefectus
361 3195 479 3252 esu—15
497 3188 609 3250 saltum,
632 3188 805 3248 iugum-17
825 3187 1013 3251 posteaquam,
1030 3193 1097 3248 post·

198 3289 283 3336 quam.
292 3301 325 3308 -
335 3271 364 3319 18
382 3271 539 3334 seiungunt,
552 3270 679 3316 dividunt.
