2492 3700
584 89 589 120 l

187 193 238 292 24‘
480 246 703 295 PAusnums
738 261 762 307 4,
776 259 796 312 ς.

166 410 265 476 .lium
291 411 467 488 confugisse
498 412 529 469 in
564 421 657 485 aram,
688 414 884 489 perturbatus
920 415 1005 474 venit
1041 423 1088 475 ee.

188 514 289 587 Quem
305 532 375 572 cum
390 514 560 590 supplicem
584 515 634 573 dei
649 515 766 574 videret
788 515 820 573 in
841 525 895 576 are
917 519 1088 591 sedentem,

188 617 308 692 quaerit
328 636 441 676 causae
454 617 529 693 quid
545 617 585 676 sit
599 627 661 676 tarn
678 627 831 695 repentini
845 620 965 679 consili.
1003 621 1089 680 Huic

153 719 247 792 6ille,
279 719 354 796 quid
383 739 421 779 ex
450 719 559 779 litteris
589 721 800 797 comperisset,
831 725 938 799 aperit.
989 725 1089 783 Modo

187 821 285 899 magis
302 823 472 882 Pausanies
488 824 685 898 perturbatus
701 831 789 883 orere
807 826 910 901 coepit
933 833 972 884 ne
995 834 1088 885 enim·
1107 825 1109 829 ’
1127 842 1141 892 5

187 925 278 984 tieret
304 944 362 984 nec
392 933 425 984 se
455 925 597 984 meritum
627 927 666 984 de
695 926 748 985 illo
777 927 892 1003 optime
920 929 1087 1004 prederet:

187 1029 270 1104 quod
286 1037 312 1086 si
327 1047 395 1086 eam
410 1027 532 1087 veniam
548 1028 607 1087 sibi
622 1029 761 1088 dedisset
776 1039 932 1106 tantisque
952 1031 1089 1107 implice-

186 1140 251 1189 tum
267 1132 358 1190 rebus
377 1131 579 1204 sublevasset,
597 1140 710 1208 megne
732 1142 761 1191 ei
783 1133 919 1208 praemie
941 1134 1086 1194 futurum.

148 1231 172 1290 5
231 1235 292 1293 His
308 1234 399 1292 rebus
415 1234 523 1311 ephori
541 1234 673 1310 cognitis
689 1235 786 1293 satius
801 1245 949 1312 putarunt
963 1237 995 1294 in
1012 1238 1087 1298 urbe

186 1355 256 1394 eum
286 1337 515 1412 comprehendi.
561 1337 633 1410 Que
662 1355 731 1395 cum
760 1347 866 1396 essent
895 1340 1027 1415 proiecti
1056 1352 1142 1401 etro
1244 1356 1245 1375 ¹

187 1439 358 1498 Pausanias
380 1440 504 1514 placete
520 1439 647 1516 Argilio,
664 1449 698 1498 ut
719 1441 857 1516 putabat,
880 1443 1088 1503 Lacedaemo

186 1560 256 1600 nem
271 1549 482 1614 reverteretur,
500 1541 531 1598 in
547 1541 666 1614 itinere,
683 1561 751 1600 cum
767 1543 874 1601 iamin
891 1552 928 1604 ee
949 1556 1033 1605 esset
1053 1558 1088 1607 ut

186 1629 507 1722 comprehenderetur,
530 1663 567 1702 ex
592 1644 677 1703 voltu
704 1645 863 1704 cuiusdam
889 1648 1005 1723 ephori,
1033 1660 1088 1725 qui

186 1767 256 1806 eum
272 1748 432 1807 admoneri
448 1723 600 1823 cupiebat,
618 1747 748 1806 insidies
764 1748 824 1807 sibi
838 1749 904 1807 fieri
924 1750 1085 1812 intellexit.

151 1855 297 1927 2Itaque
312 1860 420 1927 paucis
445 1860 516 1909 ante
539 1850 688 1927 gradibus
704 1870 796 1927 quam
815 1862 868 1928 qui
888 1872 958 1911 eum
980 1865 1087 1932 seque·
1110 1884 1141 1935 15

185 1956 306 2026 bantur,
324 1954 354 2012 in
379 1954 487 2011 aedem
504 1953 673 2025 Minervae,
690 1972 769 2029 quae
786 1954 982 2015 Chalcioicos
998 1969 1088 2018 voce·

185 2068 242 2129 tur,
263 2055 409 2133 ceniugit.
456 2056 541 2114 Hinc
560 2063 599 2113 ne
616 2064 698 2113 exire
718 2066 833 2131 posset,
850 2058 955 2116 statim
977 2061 1087 2136 ephori

185 2161 290 2219 valves
325 2160 391 2218 eius
425 2158 512 2217 aedis
546 2158 764 2216 obstruxerunt
800 2167 977 2237 tectumque
1014 2175 1089 2224 sunt

151 2263 332 2335 3demoliti,
358 2269 419 2337 que
442 2260 572 2320 celerius
595 2260 654 2318 sub
677 2260 748 2319 dive
775 2260 919 2322 interiret.
966 2267 1089 2326 Dicitur
1244 2327 1245 2340 ,

186 2374 223 2426 ee
238 2375 377 2441 tempore
396 2372 524 2422 matrem
548 2361 720 2421 Pausaniae
735 2363 849 2423 vixisse
872 2384 1002 2443 eamque
1025 2370 1087 2428 iam
1108 2388 1141 2424 20
1244 2351 1245 2414 l

186 2476 299 2545 magne
322 2476 405 2537 natu,
422 2475 587 2542 postquam
611 2465 650 2523 de
674 2465 790 2523 scelere
811 2466 858 2524 iili
880 2472 1037 2546 comperit,
1055 2473 1087 2532 in

185 2580 291 2648 primis
307 2571 347 2629 ad
362 2569 460 2626 filium
481 2567 687 2627 claudendum
709 2567 842 2643 lapidem
865 2572 906 2629 ad
927 2571 1088 2635 introitum

151 2674 280 2733 4aedis1
299 2672 449 2732 attulisse.
495 2673 558 2728 Hic
587 2689 657 2727 cum
687 2670 874 2731 semianimis
902 2675 942 2733 de
970 2680 1088 2755 temple

187 2777 285 2836 elatus
301 2785 393 2848 esset,
410 2773 574 2834 censestim
591 2772 724 2829 animam
740 2774 861 2833 efflevit.
909 2778 959 2835 Sic
975 2781 1089 2840 Pausa-

186 2878 254 2938 nias
273 2888 416 2955 megnam
439 2875 513 2935 belli
534 2874 662 2951 gloriam
688 2882 769 2949 turpi
789 2887 886 2934 morte
910 2883 1087 2945 maculavit.
1110 2905 1142 2957 25

230 3066 239 3099 1
260 3051 445 3116 perturbetus,
459 3053 669 3111 permotus—3
687 3039 832 3111 repentini,
850 3051 1000 3113 subita-4
1018 3068 1091 3107 com.

186 3136 312 3199 perisset,
326 3134 484 3196 co'gnevisset.
494 3143 552 3191 -9
570 3128 669 3191 satius,
683 3129 822 3175 melius.-
831 3143 860 3194 15
879 3135 1017 3201 gradibu8,
1031 3147 1091 3200 pas-

186 3216 346 3265 sibus-16
363 3215 467 3276 aedem,
490 3213 705 3271 templum-19
725 3212 775 3260 sub
799 3212 871 3277 divo,
895 3218 1019 3276 subleva,
1043 3226 1091 3272 sub

187 3303 260 3350 caeli.
270 3328 304 3335 -
314 3313 343 3345 22
363 3296 517 3357 introitum,
531 3295 647 3339 ienuam.
