2492 3700
442 267 654 316 numanus.
689 281 713 327 4,
728 279 750 332 5·
1028 264 1043 314 s

143 439 183 490 ec
198 441 272 491 sues
293 433 401 510 eripies
416 433 448 492 in
464 453 607 511 campum
630 434 818 494 Marathena
840 433 1041 492 deduxerunt.

145 537 178 592 Is
205 543 253 593 est
278 536 318 595 ab
345 535 462 613 oppidi>
487 537 609 595 circiter
637 536 721 595 milia
748 555 897 613 passuum
923 535 1041 595 decem.

110 638 219 696 ³Hec
245 639 376 698 tumultu
402 639 610 699 Athenienses
633 648 696 698 tam
718 647 892 716 propinque
918 648 1042 714 tamque

143 748 259 816 migne
279 749 412 817 permoti
433 741 580 800 auxilium
602 761 754 818 nusquam
777 742 837 800 nisi
855 751 874 800 ῑι
889 741 1044 800 Lacedae·
1107 811 1111 816 ι

143 842 257 902 moniis
293 851 467 920 petiverunt
503 845 751 922 Phidippumque
773 852 942 904 ·curs‹'>rem
975 843 1042 903 eius
1077 858 1091 911 5

142 945 266 1022 generis
293 956 347 1023 qui
373 948 628 1007 hemerodromoe
653 957 811 1019 vocantur,
837 947 1042 1006 Lacedaemo

144 1068 215 1107 nem
231 1056 387 1124 miserunt,
408 1060 443 1110 ut
464 1050 621 1110 nuntiaret
637 1070 729 1128 quam
748 1051 840 1110 celeri
859 1069 938 1127 opus
959 1059 1042 1109 esset

109 1157 127 1206 4
144 1151 266 1212 auxilie.
312 1155 405 1213 Domi
427 1164 529 1214 autem
551 1165 657 1214 creant
678 1156 785 1214 decern
805 1161 972 1230 praeteres,
988 1161 1041 1230 qui

143 1254 292 1314 exercitui
311 1267 500 1333 praeessent,
519 1258 550 1316 in
570 1258 607 1317 iis
628 1257 811 1317 Miltiadem.
856 1260 943 1315 Inter
963 1264 1041 1332 ques

144 1367 256 1434 magna
284 1359 342 1418 iuit
371 1361 531 1420 contentis>
560 1370 661 1432 utrum
687 1361 850 1420 moenibus
876 1367 910 1419 se
936 1359 1042 1418 deien—
1061 1381 1091 1415 10

144 1461 253 1520 derent
282 1481 321 1519 an
351 1463 473 1522 obviarn
504 1472 584 1522 irent
613 1464 757 1524 hostibus
787 1462 914 1539 acieque
939 1463 1042 1522 decer·
1105 1457 1108 1464 ’

109 1572 126 1621 5
144 1573 261 1623 nerent.
292 1557 382 1625 Unus
400 1565 560 1625 Miltiades
575 1567 707 1625 maixime
722 1566 878 1625 nitebatur
893 1575 927 1624 ut
941 1573 1040 1642 prime

143 1674 267 1743 queque
289 1677 427 1745 ternpore
450 1679 552 1728 castra
573 1669 701 1728 fierent:
724 1669 756 1728 id
771 1677 798 1727 si
811 1669 928 1727 iactum
947 1678 1038 1742 esset,

143 1749 174 1827 et
199 1770 319 1829 civibus
349 1770 484 1830 animum
510 1780 716 1845 accesserum,
740 1790 810 1830 cum
836 1771 975 1831 viderent
1000 1773 1039 1830 de

51 1906 53 1910 ·
143 1881 248 1932 ebrum
263 1874 375 1934 virtute
389 1882 453 1935 nen
469 1876 634 1960 desperari,
646 1886 677 1935 et
688 1876 794 1934 hostes
809 1876 918 1935 eedem
930 1883 962 1933 re
973 1876 1039 1933 fore
1059 1897 1089 1949 15

142 1975 302 2050 tardiereS,
315 1987 342 2037 si
354 1977 635 2038 animadverterent
650 1979 756 2038 auderi
771 1979 920 2038 adversus
932 1986 1039 2037 setam

142 2078 261 2157 exiguis
276 2080 374 2157 copiis
392 2081 539 2141 dimicari.

104 2188 128 2247 5
185 2184 256 2243 Hec
266 2182 445 2260 intempore
456 2184 540 2243 milla
550 2185 658 2244 civitais
668 2184 913 2245 Atheniensibus
926 2183 1039 2245 auxilie

141 2284 199 2343 iuit
221 2296 342 2362 praeter
365 2288 572 2347 Plataeenses.
619 2291 663 2347 Ea
685 2289 768 2347 mille
792 2288 875 2346 misit
898 2288 1037 2346 militum.

143 2390 253 2464 Itaque
282 2389 392 2449 herum
421 2391 557 2449 adventii
588 2391 697 2450 decem
733 2390 817 2449 milia
853 2398 1038 2449 armeterum
1058 2415 1089 2449 20

141 2492 298 2568 completa
323 2503 403 2564 sunt,
431 2513 511 2569 quae
532 2512 643 2552 manus
666 2492 798 2553 mirebili
819 2493 970 2570 flagrabat
988 2504 1039 2569 pir-

107 2595 258 2671 2gnandi
280 2595 458 2671 cupiditate.
503 2597 576 2670 Qud
597 2597 783 2655 factumest
804 2597 926 2672 utplus
947 2615 1038 2672 quam

141 2698 289 2774 conlegae
311 2697 470 2758 Miltiades
489 2700 614 2759 valeret.
660 2693 734 2758 Eius
760 2707 833 2776 ergo
857 2699 1038 2758 aucteritaite

141 2799 266 2876 impulsi
295 2800 503 2861 Athenienses
540 2802 647 2878 cepiais
684 2822 721 2860 ex
757 2802 831 2861 urbe
868 2803 1039 2861 eduxerunt

106 2903 272 2978 ³loceque
294 2902 408 2964 idonee
428 2914 529 2966 castra
548 2906 697 2963 iecerunt.
743 2904 825 2963 Dein
843 2912 969 2981 posteri)
989 2904 1038 2964 die
1057 2924 1088 2977 ²5

141 3006 199 3065 sub
229 3006 343 3065 mentis
373 3007 529 3066 redicibus
555 3007 620 3065 acie
649 3008 775 3084 regiene
800 3016 949 3067 instructae
975 3015 1038 3066 nen

140 3107 335 3185 apertissime
350 3110 499 3186 proelium
516 3118 733 3169 commiserunt
751 3110 897 3188 (namque
913 3111 1038 3169 arbores

184 3256 193 3289 1
209 3254 346 3307 campum,
354 3242 564 3304 planitiem—8
583 3244 684 3307 creant,
698 3244 862 3305 deligunt-
872 3256 900 3304 17
920 3242 1036 3307 exiguis,

134 3331 234 3387 paucis.
244 3354 278 3360 —
288 3338 319 3385 24
331 3324 452 3389 impulsi,
467 3326 571 3373 inducti.
