2492 3700
459 224 679 274 auasnnus.
716 238 737 278 ε,
751 237 773 287 3.
1036 221 1069 271 59

160 392 243 468 quod
266 391 302 450 iis
320 392 442 450 studere
459 397 664 450 cdnsuessent
680 397 758 467 quus
774 397 958 450 cunservare
976 390 1068 449 fidem

159 497 309 554 viderent.

92 604 144 675 Ι3
203 602 372 674 Postquam
405 597 591 656 indutiarum
621 589 795 672 praeteriit
812 598 886 669 dies,
919 601 1069 659 barbarus

160 711 222 762 nun
242 702 397 772 dubitans,
420 701 503 776 quod
526 699 623 776 ipsius
647 709 735 758 erant
759 701 890 776 plurima
914 704 1069 762 domicilia

159 807 190 864 in
207 806 298 866 Caria
315 815 346 864 et
362 824 399 863 ea
415 804 499 881 regis)
515 803 552 862 iis
568 804 760 880 temporibus
784 807 881 866 multu
903 809 1070 883 putabatur
1106 822 1119 874 5

159 908 412 985 locupletissima,
431 914 469 966 εό
491 906 686 984 potissimum
710 908 817 967 hostes
842 910 988 987 impetum
1009 911 1069 968 fac-

122 1019 252 1084 atores,
292 1019 399 1072 omnes
438 1021 510 1070 suas
548 1011 653 1088 cupias
691 1019 730 1071 ed
766 1022 968 1071 contraxerat.
1028 1016 1069 1072 At

161 1115 324 1192 Agesilaus
348 1115 381 1172 in
405 1115 568 1192 Phrygiam
591 1122 625 1174 se
650 1115 803 1174 convertit
828 1135 958 1192 eamque
985 1117 1069 1192 prius

160 1219 366 1294 depopulatus
397 1229 445 1278 est
483 1237 575 1294 quam
607 1218 834 1294 Tissaphernes
872 1238 1003 1295 usquam
1036 1228 1069 1278 se

159 1329 305 1380 moveret.
376 1323 490 1398 Magna
533 1323 648 1398 praeda
688 1321 836 1382 militibus
875 1322 1070 1398 locupletatis
1091 1347 1120 1380 10

161 1425 318 1499 Ephesum
351 1425 519 1484 hiematum
552 1425 720 1484 exercitum
753 1425 874 1483 reduxit
905 1435 997 1500 atque
1027 1425 1069 1484 ibi

159 1527 291 1586 officinis
307 1529 461 1587 armdrum
480 1528 628 1587 institutis
646 1537 759 1604 magna
783 1527 936 1586 industrie
955 1528 1069 1586 bellum

159 1631 329 1707 apparavit.
378 1633 416 1690 Et
443 1638 505 1707 qud
533 1631 702 1710 studidsius
731 1640 923 1690 armarentur
947 1631 1070 1708 insigni-

159 1753 258 1809 usque
282 1741 473 1804 ornarentur,
494 1734 630 1810 praemia
653 1733 825 1811 preposuit,
844 1733 956 1809 quibus
977 1735 1069 1793 duna-

158 1846 265 1896 rentur
295 1844 425 1913 qudrum
455 1837 576 1914 egregia
600 1837 632 1895 in
654 1846 691 1897 ea
715 1845 747 1896 re
771 1837 882 1896 fuisset
907 1837 1068 1897 industria.
1090 1861 1098 1893 ι
1107 1861 1119 1910 5
1212 1825 1219 1840 ’

121 1940 247 2001 aFecit
277 1940 360 1998 idem
392 1940 423 1998 in
456 1941 709 1999 exercitatidnum
741 1940 916 2017 generibus,
948 1950 989 2009 ut,
1017 1951 1069 2016 qui

144 2051 271 2102 edteris
293 2044 532 2120 praestitissent,
552 2052 606 2103 eds
629 2053 748 2120 magnis
772 2044 919 2101 adficeret
941 2044 1069 2102 muneri-

158 2148 226 2205 bus,
258 2142 336 2205 'His
361 2146 452 2223 igitur
476 2147 567 2205 rebus
591 2146 693 2205 effecit
721 2158 754 2204 ut
780 2155 812 2217 et
840 2146 1069 2205 (amatissimum

121 2259 140 2307 4
158 2259 190 2308 et
206 2249 499 2308 exercitatissimum
524 2250 651 2308 haberet
676 2249 851 2307 exercitum.
901 2249 984 2307 Huic
999 2269 1069 2308 cum

158 2362 284 2429 tempus
308 2361 392 2411 esset
415 2360 514 2410 visum
542 2353 649 2428 cupias
678 2352 838 2410 extrahere
866 2370 902 2410 ex
930 2352 1070 2411 hibema-
1090 2374 1120 2407 20

160 2456 247 2527 culiS,
266 2455 351 2525 vidit,
374 2465 409 2527 si,
436 2463 497 2531 qud
521 2467 604 2514 esset
628 2455 685 2514 iter
707 2456 854 2525 facturus,
880 2455 982 2532 palam
1004 2463 1069 2531 pru

160 2558 346 2629 nuntiasset,
365 2559 470 2617 hostes
494 2559 747 2617 nun·creditur‹·>s
770 2557 907 2632 aliasque
929 2558 1069 2633 regidnes

125 2766 315 2823 stacturum
338 2773 376 2823 ac
396 2764 636 2840 prdnuntiasset.
683 2768 791 2841 Itaque
809 2784 878 2823 cum
897 2765 946 2823 ille
965 2766 1070 2823 Sardis

144 2868 275 2926 -iturum
306 2874 340 2926 se
368 2868 506 2939 dixisset,
534 2868 761 2944 Tissaphernes
788 2869 917 2926 eandem
946 2868 1067 2927 Cariam
1089 2887 1119 2937 ²5

163 2970 397 3028 defendendam
426 2970 554 3046 putavit.
602 2974 639 3028 In
669 2978 731 3046 qud
762 2990 829 3028 cum
862 2990 931 3028 eum
964 2971 1069 3046 opinis>

212 3136 221 3169 1
243 3125 359 3187 studere,
371 3124 535 3187 favere-3
553 3123 621 3187 die's,
640 3130 744 3184 tempus.
756 3137 805 3183 -7
826 3125 1067 3185 contraxeratwn-

168 3206 267 3267 ligerat.
276 3233 306 3241 —
316 3220 332 3268 9
348 3206 530 3270 depopulitus
541 3208 593 3270 est,
606 3207 725 3253 vastavit.
734 3234 766 3241 —
777 3219 806 3252 12
821 3205 964 3269 industrii,
977 3206 1065 3251 studid.

168 3315 203 3323 —
212 3301 242 3335 20
258 3289 408 3353 extrahere,
421 3288 530 3337 iddcere.
