2492 3700
409 265 706 314 THEMISTOCLES.
744 265 800 331 5,6.
1021 264 1051 314 13

150 433 378 492 Themistocles
401 441 510 492 verens
531 441 569 490 ne
592 434 707 492 bellare
730 439 949 509 perseveraret,
966 433 1051 490 certi-

151 543 237 595 orem
259 555 327 594 eum
350 535 424 594 lecit
439 535 471 594 id
487 545 545 612 agi,
566 546 599 595 ut
614 544 694 612 pens
709 555 800 612 quem
821 535 872 593 ille
894 536 925 592 in
948 536 1050 594 Helle

150 645 266 714 sponte
294 639 418 711 lecerat,
442 637 662 698 dissolveretur
690 647 728 698 ac
756 638 857 697 redita
886 638 917 696 in
944 638 1050 696 Asiam

116 741 372 813 2exclirderetur,
396 741 490 818 idque
513 751 542 799 ei
564 741 726 817 persuasit.
773 744 883 817 ltaque
909 750 970 817 qua
996 760 1049 800 sex

150 844 311 903 mensibus
326 844 384 902 iter
397 845 523 916 fecerat,
540 844 651 903 eadem
673 844 775 903 minus
795 844 905 903 diebus
926 844 1049 922 triginta
1086 858 1099 910 5

150 947 182 1003 in
210 947 317 1005 Asiam
343 966 484 1006 reversus
510 956 558 1005 est
584 948 679 1023 seque
705 955 724 1006 a
750 935 959 1006 Themistocle
986 955 1049 1007 nen

115 1051 338 1124 3superatum‚
362 1051 419 1109 sed
443 1057 661 1110 censervatum
684 1049 840 1109 iudicavit.
885 1051 1049 1110 Sicinius

150 1151 208 1210 viri
222 1153 385 1227 prudentia
401 1153 533 1212 Graecia
556 1153 685 1212 liberata
701 1162 749 1212 est
766 1154 968 1229 Eurepaeque
984 1172 1049 1212 suc·

150 1255 258 1313 cubuit
281 1254 366 1314 Asia.
421 1258 511 1314 Haec
535 1265 583 1314 est
607 1256 703 1314 altera
726 1255 854 1314 victoria
877 1275 955 1331 quae
979 1275 1048 1314 curn

151 1358 351 1418 Marathenie
374 1359 474 1434 possit
499 1367 672 1435 comparari
697 1365 834 1434 tropaea.
879 1361 959 1416 Nam
982 1368 1048 1433 pari
1069 1381 1098 1415 10

150 1461 244 1520 mode
260 1462 342 1537 apud
358 1462 514 1520 Salamina
525 1470 621 1538 parve
633 1469 762 1521 numere
778 1461 901 1520 navium
917 1462 1048 1520 maxima

149 1574 222 1639 post
237 1565 395 1622 hominum
410 1564 589 1623 memoriam
605 1565 715 1623 classis
730 1574 778 1624 est
793 1566 923 1624 devicta.

110 1668 134 1726 6
182 1650 327 1744 'Magnus
343 1668 402 1728 hec
418 1668 500 1727 bello
516 1669 743 1727 Themistocles
758 1668 816 1728 fuit
831 1687 932 1746 neque
949 1668 1049 1727 minor

150 1769 181 1826 in
197 1778 283 1844 pace.
329 1772 408 1831 Cum
423 1771 506 1829 enim
523 1771 685 1831 Phalerice
707 1781 798 1849 portu
820 1791 921 1849 neque
936 1780 1047 1851 magne

149 1976 260 2051 triplex
276 1979 376 2036 Piraei
391 1986 498 2053 portus
515 1978 703 2038 censtitirtus
719 1989 767 2038 est
782 1979 870 2056 isque
886 1980 1047 2039 moenibus

149 2079 366 2152 circumdatus,
377 2089 411 2139 ut
423 2080 523 2156 ipsam
535 2082 643 2140 urbem
658 2082 809 2159 dignitate
825 2083 1045 2159 aequiperaret,

115 2182 281 2242 antilitate
317 2193 486 2259 superaret.
544 2176 635 2244 idem
670 2194 773 2246 maras
809 2186 1046 2245 Atheniensium

148 2286 283 2345 restituit
308 2287 476 2363 praecipue
505 2296 562 2347 sua
591 2289 736 2365 periculo.
782 2291 924 2366 Namque
955 2293 1048 2349 Lace·

149 2389 305 2447 daemonii
320 2409 446 2449 causam
461 2389 605 2451 ideneam
618 2401 701 2450 nacti
712 2402 836 2469 propter
847 2394 1045 2452 barbararum
1066 2410 1097 2443 20

149 2492 354 2565 excursienes‚
372 2501 434 2569 qua
456 2502 606 2570 negarent
628 2503 768 2571 oportere
791 2505 876 2555 extra
899 2497 1046 2572 Pelopon·

148 2603 257 2653 nesum
279 2595 373 2654 ullam
395 2597 503 2655 urbem
524 2605 627 2657 mares
650 2598 772 2671 habere,
791 2606 829 2657 ne
852 2609 957 2657 essent
979 2600 1047 2657 loca

148 2706 266 2756 munita
293 2717 372 2774 quae
392 2699 499 2760 hostes
519 2701 723 2777 possiderent,
741 2702 948 2761 Athenienses
967 2702 1047 2761 aedi·

114 2802 278 2859 3ficantes
307 2802 470 2878 prohibere
501 2813 573 2862 sunt
602 2812 714 2864 cenati.
764 2807 836 2865 Hac
865 2807 955 2883 longe
986 2805 1046 2864 alie

148 2906 311 2981 spectabat
327 2914 421 2989 atque
436 2904 533 2964 videri
547 2906 703 2965 volebant.
742 2908 948 2967 Athenienses
964 2908 1045 2966 enim
1065 2922 1095 2973 25

191 3091 201 3125 1
220 3078 330 3137 bellare,
347 3078 438 3126 bellum
448 3094 543 3141 gerere.
553 3107 585 3119 η-
595 3080 735 3131 certiorem
752 3094 814 3131 eum
832 3081 908 3146 fecit,
924 3087 951 3129 ei
961 3084 1047 3129 nanti-

147 3163 208 3209 avit.
218 3175 275 3224 -3
293 3160 495 3225 dissolveretur,
509 3163 743 3210 interscinderatur.
753 3190 786 3199 -
797 3176 810 3227 5
823 3164 874 3214 iter
886 3162 995 3227 fecerat,
1009 3169 1047 3211 vi-

148 3251 297 3306 nnan—9
319 3244 416 3308 altera,
439 3246 640 3293 secunda-10
664 3246 823 3310 comperiri,
844 3247 1045 3309 censura—13

147 3331 272 3391 maignus,
290 3329 411 3389 egregius.
421 3354 452 3363 -
465 3342 496 3375 20
514 3328 597 3391 nacti,
610 3330 744 3389 adepta-
755 3341 784 3391 25
801 3328 896 3390 videri,
913 3332 1045 3388 apparare.
