2492 3700
205 216 237 265 50
461 218 742 299 QPAMINONDAS.
777 217 851 264 8-10.

206 385 352 442 Messene
368 384 509 442 restituta
525 386 633 443 urbem
651 392 755 443 eorum
777 383 941 442 obsidione
961 381 1103 440 clausit.’'

207 488 297 546 Haec
322 506 391 545 cum
418 487 556 560 dixisset,
583 497 663 546 risus
689 488 826 545 omnium
852 503 922 545 cum
948 485 1105 545 hilaritate

204 599 328 648 coortus
349 599 404 662 est,
425 609 525 666 neque
547 591 710 666 quisquam
729 591 820 649 iudex
838 609 932 648 ausus
945 598 995 652 est
1011 589 1050 647 de
1066 597 1106 648 eo

204 692 283 750 ferre
299 693 486 769 suffragium.
533 694 584 752 Sic
599 702 618 751 a
633 693 748 752 iudicio
765 692 877 768 capitis
895 691 1028 751 maxima
1043 691 1104 750 dis-

205 795 299 854 cessit
312 795 418 872 gloria.
1103 807 1106 810 ’
1142 811 1157 861 5

169 898 192 958 9
248 899 311 956 Hic
326 905 462 958 extremo
478 908 614 975 tempore
631 899 796 975 imperator
811 899 894 974 apud
910 898 1105 956 Mantineam

205 1019 273 1058 cum
295 1001 361 1060 acie
386 1011 534 1060 instructa
560 1002 709 1060 audacius
734 1010 863 1060 instaret
886 1000 1037 1072 hostibuS,
1056 1008 1105 1059 co

139 1101 140 1106 ’
204 1103 338 1179 gnitusa
354 1105 617 1176 Lacedaemoniis,
631 1105 715 1180 quod
731 1104 762 1162 in
778 1114 870 1162 unius
885 1103 1020 1181 pernicie
1036 1103 1104 1161 eius

205 1207 323 1282 patriae
345 1207 434 1266 sitam
457 1209 610 1283 putabant
632 1207 771 1279 salutem,
796 1207 930 1266 universi
951 1207 983 1263 in
1009 1216 1104 1264 unum

206 1308 353 1385 impetum
375 1310 513 1370 iecerunt
535 1329 636 1385 neque
660 1310 745 1386 prius
769 1311 987 1369 abscesserunt
1010 1328 1103 1384 quam
1128 1333 1157 1366 ιο

207 1421 317 1488 magna
346 1413 441 1472 caede
471 1413 636 1488 multisque
666 1423 777 1473 occisis
805 1413 972 1471 fortissime
1002 1411 1105 1488 ipsum

208 1516 452 1591 Epaminondam
481 1526 680 1594 pugnantem,
711 1524 803 1592 sparo
832 1515 952 1574 eminus
982 1533 1106 1590 percus-

172 1623 282 1690 2sum,
307 1619 469 1677 concidere
491 1619 641 1678 viderunt.
690 1620 792 1678 Huius
815 1627 888 1678 casu
911 1618 1105 1694 aliquantum

207 1722 353 1780 retardati
379 1732 450 1780 sunt
477 1721 606 1794 Boeotii,
633 1741 734 1798 neque
760 1732 864 1782 tamen
889 1723 974 1798 prius
999 1701 1106 1798 pugna

175 1831 403 1887 sexcesserunt
433 1844 525 1901 quam
558 1833 766 1903 repugnantes
803 1825 1012 1903 profligarunt.
1061 1828 1157 1899 At15

208 1929 447 2003 Epaminondas
474 1948 543 1987 cum
569 1928 827 1988 animadverteret
853 1928 1044 1991 mortiferum
1071 1937 1106 1988 se

207 2031 316 2088 volnus
333 2032 489 2106 accepisse
510 2032 670 2108 simulque,
689 2040 715 2091 si
734 2033 857 2103 ferrum,
875 2033 959 2107 quod
978 2051 1016 2091 ex
1036 2031 1107 2091 has-

207 2133 253 2189 tili
264 2132 295 2189 in
306 2150 432 2208 corpore
443 2142 640 2207 remanserat,
652 2134 842 2207 extraxisset,
854 2135 987 2193 animam
1000 2134 1106 2193 statim

208 2241 396 2307 emissurum,
422 2256 519 2312 usque
543 2245 581 2296 eo
609 2236 735 2295 retinuit
765 2237 868 2313 quoad
896 2237 1106 2297 renuntiatum

174 2350 190 2401 4
208 2346 255 2395 est
267 2338 377 2397 vicisse
392 2340 544 2399 Boeotios
592 2341 629 2398 Id
645 2350 811 2416 postquam
823 2340 948 2411 audivit,
964 2340 1105 2412 “Satis’'
1127 2365 1159 2399 20

208 2440 316 2515 inquit,
335 2450 351 2475 “
362 2450 443 2500 vixi:
471 2443 603 2501 invictus
628 2443 709 2501 enim
734 2443 875 2502 morior.’'
921 2445 999 2501 Tum
1024 2443 1107 2503 ierro

208 2552 345 2603 extracto
361 2545 525 2605 confestim
539 2546 733 2605 exanimatus
748 2554 803 2605 est.

160 2651 206 2711 10
252 2649 313 2705 Hic
329 2655 453 2706 uxorem
472 2668 639 2724 numquam
655 2649 749 2708 duxit.
792 2652 828 2707 In
845 2656 991 2725 quocum
1007 2668 1108 2726 repre-

208 2750 395 2808 henderetur
418 2752 514 2831 (quod
538 2753 651 2811 liberos
672 2760 734 2811 non
755 2752 956 2831 relinqueret)
979 2761 998 2810 a
1021 2754 1109 2811 Pelo

208 2852 291 2929 pida,
309 2862 361 2928 qui
380 2853 478 2912 filium
500 2854 636 2913 habebat
657 2855 811 2925 infamem,
828 2854 969 2930 maleque
988 2874 1058 2913 eum
1075 2855 1107 2913 in
1128 2876 1159 2927 25

250 3025 266 3073 6
284 3027 403 3078 extremo
423 3028 553 3091 tempore,
573 3032 707 3089 postrema.
722 3041 778 3087 -7
804 3027 932 3092 instaret,
957 3032 1107 3091 urgeret.-

208 3108 223 3156 8
253 3109 380 3173 pernicie,
408 3118 492 3157 morte.
506 3140 536 3145 —
551 3124 566 3171 9
583 3111 713 3174 universi,
744 3115 925 3174 omnia-13
960 3111 1108 3175 concidere,

209 3193 301 3238 cadere.
310 3219 342 3227 —
354 3205 383 3255 15
401 3194 586 3256 prufligitunt‚
606 3195 634 3239 in
645 3195 739 3256 jugum
754 3194 884 3241 dedirunt.
894 3220 927 3229 -
939 3193 967 3241 18
986 3194 1110 3245 animam

209 3274 380 3337 ἔηιῑεεῦηῑω,
394 3278 560 3321 moriturum.
