2492 3700
178 194 211 244 38
242 194 244 198 ’
465 172 698 246 Ancrnrnnas.
733 164 792 260 &a

145 377 161 426 5
180 361 245 420 eius
261 363 366 420 delicti
380 363 516 422 futurum
531 381 625 423 reum.
670 364 720 423 Ab
736 364 796 423 hac
816 363 981 422 discedens
996 362 1078 420 Alci-

170 464 296 538 biades,
312 466 523 539 “Quoniam'’
539 467 649 543 inquit,
668 468 842 525 “victoriae
857 465 976 543 patriae
990 475 1078 541 repir-

179 577 265 646 gnas,
286 568 363 626 illud
383 577 502 642 moneo,
524 577 563 628 ne
587 570 670 629 iuxta
687 572 809 629 hostem
835 563 936 628 castra
959 569 1077 628 habeas

1239 380 1241 427 l

1239 448 1240 505 l

1240 572 1243 633 l

181 671 323 760 nautica:
346 672 516 748 periculum
539 683 587 731 est
608 673 700 745 enim,
723 681 762 732 ne
784 671 980 731 immodestia
1002 672 1077 729 mili·
1132 693 1136 696 ·
1241 714 1242 739 i

179 785 244 833 tum
260 783 431 833 vestrorum
446 775 569 834 occasio
585 777 676 834 detur
691 775 851 854 Lysandra
866 784 960 834 vestri
977 775 1076 851 oppri-
1116 781 1135 835 5
1242 842 1244 845 ,

146 883 163 932 6
180 878 285 936 mendi
296 877 478 937 exercitus”
514 881 622 954 Neque
636 898 673 937 ea
684 887 733 937 res
745 878 830 936 illum
840 878 959 937 fefellit.
995 880 1076 935 Nam

181 981 349 1058 Lysander,
362 999 432 1039 cum
446 1001 501 1058 per
516 983 726 1058 speculatares
740 991 942 1058 comperisset
953 981 1076 1058 volgum

181 1083 419 1142 Atheniensium
434 1084 464 1141 in
482 1094 593 1144 terram
609 1085 790 1160 praedatum
806 1093 907 1143 exisse
918 1091 1076 1160 navesque

180 1206 278 1264 paene
308 1186 416 1246 inanes
445 1187 576 1260 relictas,
607 1198 728 1264 tempus
757 1197 801 1246 rei
815 1189 983 1264 ‘gerendae
1013 1194 1076 1246 nan

180 1290 296 1348 dimisit
311 1298 410 1366 eaque
425 1290 541 1367 impetu
556 1291 670 1350 bellum
685 1299 784 1350 tatum
799 1291 921 1350 delevit.
1098 1305 1133 1342 10

142 1393 165 1453 9
222 1397 264 1453 At
294 1393 483 1466 Alcibiades
513 1403 602 1452 victis
633 1394 877 1453 Atheniensibus
907 1402 968 1453 nan
999 1394 1076 1453 satis

180 1507 247 1556 trita
262 1498 371 1556 eadem
386 1497 455 1555 loca
471 1497 535 1556 sibi
546 1497 706 1580 arbitrans,
722 1497 846 1574 penitus
864 1497 897 1554 in
912 1497 1077 1556 Thraciam

181 1608 214 1659 se
233 1609 326 1677 supra
341 1601 562 1676 Propontidem
579 1600 707 1672 abdidit,
725 1608 853 1676 sperans
869 1601 913 1658 ibi
930 1600 1077 1659 facillime

146 1713 164 1763 2
180 1722 267 1762 suam
278 1704 433 1762 fartunam
445 1703 545 1761 occuli
556 1722 659 1779 posse.
697 1705 722 1760 F
723 1704 798 1763 also.
837 1706 917 1762 Nam
927 1704 1075 1777 ThraceS,

180 1817 345 1884 postquam
367 1777 436 1866 euin
460 1825 530 1865 cum
550 1815 661 1883 magna
681 1806 812 1883 pecunia
829 1806 953 1866 venisse
973 1814 1077 1866 sense
1097 1817 1131 1871 Ι5

181 1920 259 1983 runt,
287 1910 416 1969 insidias
442 1910 605 1969 iecerunt:
642 1919 696 1985 qui
721 1930 758 1969 ea
783 1930 863 1987 quae
889 1919 1074 1986 apportarat,

147 2014 382 2086 3abstulerunt‚
412 2013 513 2090 ipsum
543 2032 653 2090 capere
682 2021 746 2073 nan
774 2020 949 2089 potuerunt.
1019 2013 1076 2072 Ille

181 2124 310 2175 cernens
333 2116 449 2174 millum
471 2117 571 2175 locum
592 2116 653 2175 sibi
672 2126 771 2175 tatum
791 2116 822 2175 in
839 2116 970 2176 Graecia
987 2135 1077 2192 prop

181 2229 227 2279 ter
249 2219 418 2295 potentiam
442 2198 756 2278 Lacedaemoniarum
779 2220 819 2278 ad
842 2220 1076 2278 Pharnabazum

181 2323 212 2380 in
239 2323 346 2381 Asiam
372 2322 514 2381 transiit:
544 2341 636 2397 quem
661 2322 786 2398 quidem
811 2322 891 2381 adea
913 2331 969 2381 sua
994 2322 1077 2398 cepit
1096 2340 1130 2376 20

181 2426 370 2485 humanitate
396 2434 429 2483 ut
451 2444 520 2483 eum
544 2433 634 2484 neme
657 2425 689 2483 in
712 2425 846 2483 amicitia
869 2425 1075 2485 antecederet.

182 2532 323 2605 Namque
346 2537 375 2587 ei
397 2529 546 2608 Grynium
568 2528 705 2601 dederat,
722 2528 754 2586 in
777 2528 910 2606 Phrygia
932 2537 1075 2602 castrum,

181 2652 218 2691 ex
247 2640 308 2707 quo
337 2640 555 2709 quinquagena
586 2632 703 2690 talenta
731 2630 891 2708 vectigalis
924 2630 1075 2707 capiebat.

146 2736 251 2809 4Qua
272 2737 396 2795 fartana
414 2735 592 2794 Alcibiades
615 2743 679 2793 non
701 2744 767 2793 erat
788 2743 953 2793 contentus
975 2752 1076 2809 neque

181 2839 321 2897 Athenas
337 2847 434 2897 victas
451 2838 707 2897 Lacedaemoniis
728 2848 840 2896 servire
861 2846 982 2913 poterat
1000 2846 1076 2913 pati.
1097 2861 1129 2913 25

183 2945 292 3017 Itaque
308 2942 347 2999 ad
362 2941 492 3017 patriam
511 2941 703 2999 liberandam
722 2949 806 2999 omni
823 2940 979 2998 ferebatur
997 2940 1077 3016 cogi-

154 3121 161 3139 ·
224 3118 237 3169 5
258 3104 371 3169 occasii),
388 3106 596 3168 simultas-10
616 3103 726 3164 delevit,
739 3105 776 3151 ad
791 3105 883 3166 finem
898 3103 1079 3163 parlaxit.—

183 3202 212 3251 13
230 3192 321 3251 supra,
330 3195 481 3249 praeten-
493 3201 521 3246 14
539 3188 632 3250 occuli,
646 3188 775 3235 caldra—
785 3200 816 3233 20
831 3185 913 3250 cepit,
926 3186 1077 3233 conciliauit.

180 3284 251 3331 -24
268 3268 386 3334 ἰόήῡηᾶ,
393 3270 568 3333 filacitdte.-
577 3283 589 3315 2
594 3280 607 3333 5
626 3270 694 3333 pati,
703 3270 827 3333 perferre.
