2492 3700
451 243 672 292 PAUSANIAS.
709 255 731 290 2.
1007 239 1038 288 21

103 399 126 458 2
183 411 260 468 Post
274 409 305 467 id
320 409 471 486 proelium
487 410 620 470 eundem
639 408 826 468 Pausaniam
847 427 918 466 cum
939 408 1039 466 classe

139 521 296 571 communi
312 515 447 590 Cyprum
462 521 554 589 atque
574 513 816 589 Hellespontum
833 518 990 582 miserunt,
1007 519 1041 568 ut

139 635 178 674 ex
192 615 242 674 his
261 615 439 692 regionibus
461 616 663 678 barbarorum
684 614 840 692 praesidia
862 613 1038 690 depelleret.

103 728 121 777 2
140 721 212 776 Pari
227 718 374 778 felicitate
390 718 422 776 in
438 727 475 778 ea
490 725 522 777 re
538 729 612 778 risus
628 719 739 778 elatius
754 725 788 778 se
807 735 913 794 gerere
937 716 1040 792 coepit

139 821 334 898 maiorasque
371 831 516 898 appetere
552 829 610 880 ras
667 824 748 880 Nam
785 839 855 880 cum
892 818 1040 898 Byzantia
1076 831 1089 885 5

138 930 316 1000 expugnato
352 924 487 1000 cepisset
522 925 694 1001 complures
729 926 891 983 Persarum
919 922 1040 982 nobiles

140 1036 235 1102 atque
258 1027 289 1084 in
312 1026 349 1085 iis
371 1027 537 1087 nonnullos
559 1027 640 1104 ragis
662 1033 861 1104 propinquos,
881 1025 939 1084 hos
961 1025 1040 1083 clam

140 1131 238 1187 Xerxi
253 1129 377 1203 remisit,
391 1129 541 1190 simulans
557 1150 595 1190 ex
606 1129 717 1189 vinclis
732 1128 863 1206 pirblicis
884 1127 1038 1204 effugisse,

140 1242 257 1290 etcum
273 1232 310 1291 iis
330 1233 506 1312 Gongylum
530 1233 744 1304 Eretriansem,
762 1240 815 1308 qui
836 1231 955 1290 litteras
977 1238 1041 1307 regi

140 1336 293 1408 redderet,
310 1335 341 1393 in
363 1336 475 1412 quibus
496 1337 573 1394 haec
592 1337 690 1395 luisse
711 1345 826 1411 scripta
841 1334 1041 1412 Thucydidas
1061 1354 1091 1390 ro

104 1439 122 1489 3
140 1437 307 1497 memoriae
323 1439 460 1515 prodidit
476 1461 482 1497 :
513 1447 531 1472 “
541 1439 721 1510 Pausanias,
735 1440 798 1497 dux
811 1440 948 1515 Spartae,
962 1445 1040 1514 quos

142 1544 273 1619 Byzanti
282 1549 414 1618 ceperat,
425 1552 591 1619 postquam
600 1549 791 1619 propinquos
802 1549 873 1601 tuas
886 1541 1039 1617 cognovit,

141 1644 200 1703 tibi
220 1654 338 1703 muneri
359 1646 443 1704 misit
466 1631 561 1722 saque
584 1653 686 1704 tecum
709 1645 872 1704 adfinitate
895 1643 1041 1720 coniungi

140 1747 250 1824 cupit:
280 1755 382 1824 quara,
409 1757 435 1808 si
460 1748 517 1808 tibi
540 1748 669 1821 videtur,
697 1749 752 1808 das
778 1757 806 1806 ei
831 1747 927 1805 filiam
957 1756 1041 1805 tuam

104 1856 122 1905 4
140 1861 281 1927 nuptum.
326 1853 364 1911 ld
379 1861 405 1911 si
419 1852 539 1924 faceriS,
553 1863 583 1911 et
600 1855 742 1930 Spartam
757 1862 788 1911 et
803 1859 936 1911 ceteram
948 1852 1042 1910 Grae·
1061 1862 1091 1916 15

141 1954 223 2013 ciam
238 1955 296 2013 snb
312 1965 396 2014 tuam
411 1964 598 2032 potestatem
614 1964 656 2027 sa,
670 1956 837 2014 adiuvante
852 1962 891 2027 ta,
904 1955 1041 2013 redactu-

141 2077 209 2116 rum
224 2056 393 2134 pollicetur.
440 2060 500 2117 His
515 2060 554 2118 da
570 2059 662 2117 rabus
683 2059 799 2134 siquid
819 2067 883 2135 geri
898 2057 1040 2129 volueris,

141 2170 261 2219 certum
289 2160 445 2219 hominem
474 2162 514 2220 ad
543 2180 612 2219 eum
643 2161 747 2221 mittas
775 2161 852 2232 iace,
880 2179 949 2218 cum
980 2168 1042 2236 quo

105 2264 377 2339 5conloquatur.'’
424 2266 491 2323 Rex
515 2273 563 2323 tot
588 2265 747 2324 hominum
770 2265 868 2323 saliite
894 2273 956 2322 tam
983 2263 1042 2322 sibi

141 2367 388 2427 necessariorum
404 2374 516 2444 magno
531 2386 623 2443 opere
641 2377 767 2444 gavisus
788 2366 951 2427 confestim
972 2385 1042 2424 cum
1061 2382 1092 2417 20

141 2470 277 2546 epistula
301 2471 490 2529 Artabazum
516 2472 556 2530 ad
583 2470 768 2529 Pausaniam
793 2470 895 2541 mittit,
922 2469 953 2527 in
980 2478 1042 2546 qua

140 2593 211 2632 eum
228 2574 402 2645 conlaudat,
419 2574 505 2650 petit,
523 2573 627 2632 necui
648 2582 691 2632 rei
713 2582 820 2649 parcat
842 2573 935 2631 adea
952 2572 1041 2631 effici-

141 2678 225 2735 enda
241 2695 320 2752 quae
335 2676 518 2752 pollicetur:
542 2685 568 2735 si
590 2676 762 2753 perfecerit,
781 2675 893 2734 millius
909 2685 952 2734 rei
972 2684 990 2734 a
1009 2683 1043 2735 se

104 2779 297 2855 crepuisam
327 2779 467 2838 laturum.
536 2779 639 2838 Huius
678 2779 846 2837 Pausanias
884 2778 1043 2837 voluntate

141 2881 268 2959 erignita
283 2881 414 2941 alacrior
428 2882 468 2939 ad
484 2900 547 2940 rem
562 2882 730 2959 gerendam
742 2882 843 2942 iactus
853 2881 885 2938 in
898 2881 1044 2959 suspicio
1062 2897 1093 2949 25

183 3066 197 3114 7
217 3052 395 3116 propinquis,
414 3054 573 3100 necessarias.
586 3080 619 3087 —
635 3066 663 3099 12
682 3052 817 3115 cognovit,
837 3053 954 3113 repperit.
966 3078 1000 3086 -
1014 3065 1041 3112 17

140 3140 295 3205 pollicitur,
315 3139 463 3200 promittit,·
489 3139 555 3202 geri,
573 3138 691 3201 fierL-
705 3153 737 3186 20
755 3140 852 3201 magnii
870 3150 958 3202 opere,
977 3138 1044 3185 velze-

141 3234 248 3275 menter.
258 3252 292 3261 -
301 3223 455 3289 confestim,
468 3228 561 3273 statim.
