2492 3700
183 174 215 222 62
478 173 697 221 AGESILAUS.
734 185 755 235 5,
768 172 791 219 6.

184 340 351 399 cidissent:
386 360 519 416 namque
542 340 593 398 illa
616 339 819 410 multitudine,
844 348 870 396 si
896 347 971 396 saina
995 345 1083 395 mens

184 453 275 516 esset,
300 443 451 502 Graeciae
477 442 663 519 supplicium
689 445 799 501 Perses
829 442 903 501 dare
932 441 1081 516 potuisse.

150 553 167 603 3
185 533 281 618 idem,
298 565 367 604 cum
386 546 580 604 adversaries
601 546 681 604 intre
699 545 821 602 moenia
836 544 1036 620 compulisset
1052 555 1085 631 et

184 658 218 706 ut
231 648 412 707 Corinthum
428 658 623 726 oppugnaret
638 649 726 707 multi
740 649 943 720 hortarentur,
958 648 1084 724 negavit

184 751 216 810 id
239 770 312 810 suae
327 751 430 811 virtuti
453 761 636 811 convenire:
670 759 703 809 se
724 751 805 810 enim
826 770 896 809 eum
916 733 985 809 esse
1005 750 1084 810 dixit
1124 766 1136 817 5

185 865 237 932 qui
259 857 299 914 ad
321 856 455 915 officium
476 851 643 934 peccantes
666 857 764 915 redire
786 863 918 933 cegeret,
943 863 1005 914 nen
1030 866 1083 932 qui

151 960 276 1018 4urbes
307 960 517 1019 nebilissimes
547 969 737 1037 expugnaret
766 960 925 1019 Graeciae.
973 961 1084 1016 “Nam

185 1063 241 1136 si,''
258 1063 366 1139 inquit,
388 1071 469 1123 “ees
490 1063 684 1140 exstinguere
702 1063 888 1122 voluerimus
906 1072 959 1138 qui
981 1063 1084 1121 nebis-

185 1185 254 1224 curn
277 1167 424 1226 adversus
447 1167 595 1226 barbares
619 1174 778 1237 steterunt,
800 1173 922 1225 nrismet
944 1166 1003 1242 ipsi
1025 1173 1084 1224 nes

185 1270 461 1346 exprignriverimus
477 1270 537 1328 illis
554 1269 794 1346 quiescentibus,
829 1269 900 1342 Qud
915 1270 1000 1328 facte
1015 1267 1083 1327 sine
1106 1288 1138 1322 ιο

186 1372 319 1448 negetis),
336 1392 405 1432 cum
421 1372 582 1445 voluerint,
600 1380 658 1431 nes
673 1373 877 1448 oppriment.’'
1000 1448 1003 1451 ι

149 1467 172 1526 6
228 1475 356 1534 Interim
371 1475 483 1534 accidit
501 1475 553 1533 illa
568 1475 727 1534 calamites
742 1476 826 1552 apud
842 1477 974 1534 Leuctra
991 1476 1084 1533 Lace

186 1578 366 1637 daemoniis.
398 1578 469 1652 Quo
485 1586 523 1638 ne
538 1579 792 1654 proficisceretur,
810 1597 878 1637 curn
894 1587 912 1636 i
928 1578 1083 1654 plerisque

186 1682 226 1740 ad
248 1682 422 1740 exeundum
442 1689 638 1758 premeretur,
656 1691 690 1740 ut
712 1691 738 1740 si
760 1683 799 1740 de
821 1681 904 1741 exitii
919 1681 1082 1753 divinaret,

186 1795 268 1844 exire
298 1787 404 1846 neluit.
460 1773 556 1859 idem,
585 1805 655 1843 cum
682 1786 913 1862 Epaminondes
941 1786 1083 1861 Spartam
1105 1800 1136 1852 15

186 1899 378 1967 oppugnaret
395 1900 539 1966 essetque
560 1889 627 1948 sine
646 1899 740 1948 muris
761 1888 917 1966 oppidum,
934 1889 1027 1947 trilem
1049 1896 1082 1946 se

187 1993 400 2069 imperiterem
420 1992 562 2068 praebuit
577 2002 610 2050 ut
626 2000 664 2051 ee
679 2002 816 2069 tempore
832 1991 975 2051 omnibus
992 2000 1083 2067 appe-

186 2096 286 2168 ruerit,
305 2096 364 2153 nisi
380 2095 430 2154 ille
445 2095 564 2167 fuisset,
584 2098 724 2172 Spartam
744 2096 877 2154 futuram
898 2102 958 2154 nen
975 2094 1081 2153 fuisse.

153 2200 223 2255 tiIn
254 2206 316 2275 quo
346 2198 470 2274 quidem
500 2198 676 2257 discrimine
707 2198 848 2257 celeritas
877 2197 944 2255 eius
972 2197 1083 2256 censili

187 2301 277 2359 saluti
296 2302 354 2359 fuit
376 2302 534 2361 universis.
582 2304 661 2359 Nam
677 2321 746 2359 cum
761 2302 891 2377 quidam·
906 2301 1084 2359 adulescen-
1103 2315 1137 2348 20

187 2404 250 2475 tuli,
267 2404 402 2463 hostium
417 2406 552 2464 adventu
567 2404 728 2481 perterriti,
747 2405 786 2463 ad
801 2404 970 2462 Thebenes
987 2412 1084 2462 trins-

186 2507 291 2583 iugere
301 2509 415 2567 vellent
425 2518 456 2567 et
465 2509 566 2566 locum
576 2515 662 2566 extri
672 2507 778 2565 urbem
791 2507 906 2565 editum
917 2505 1082 2583 cepissent,

187 2609 360 2686 AgesileuS,
374 2620 426 2687 qui
441 2610 737 2687 perniciosissimum
752 2609 818 2667 iore
834 2609 960 2681 videret,
979 2618 1005 2667 si
1021 2610 1084 2667 ani-

187 2714 380 2772 madversum
396 2724 478 2772 esset
494 2732 679 2789 quemquam
696 2713 734 2770 ad
759 2712 865 2770 hostes
891 2712 1084 2789 transfugere

187 2823 301 2889 ceneri,
323 2835 391 2875 curn
413 2826 476 2875 suis
492 2824 529 2875 ee
545 2815 629 2874 venit
650 2825 751 2891 atque,
775 2824 808 2872 ut
828 2824 854 2873 si
874 2816 958 2874 bone
981 2814 1085 2874 anime
1104 2826 1139 2877 25

229 3003 242 3037 2
261 2988 434 3054 supplicium,
443 2997 623 3052 poenam—3
642 2988 826 3052 compulisset,
840 2990 1021 3050 coegisset—7
1039 2990 1086 3039 no-

185 3072 345 3137 bilissimis,
358 3074 524 3119 cldrissimds.
532 3100 565 3107 —
576 3085 601 3118 11
618 3072 734 3135 negotio,
748 3071 837 3118 labrire.
845 3100 878 3105 —
887 3085 916 3117 12
929 3071 1084 3137 calamitis,

185 3157 358 3214 cledis-14
376 3156 550 3219 premeretur,
570 3158 725 3215 urgeretum
749 3153 895 3217 diviniret,
909 3160 1085 3215 praesentiret.

185 3252 256 3286 -22
275 3238 388 3302 editum,
401 3239 491 3285 altum.
