2492 3700
407 282 690 332 EPAMINONDAS.
725 296 748 342 4.
993 281 1025 330 45

120 447 226 523 gebat.
263 447 421 526 Micythus
434 450 682 526 Epaminendam
693 447 838 507 convenit
853 459 885 506 et
899 466 1025 506 causam

86 561 105 609 2
122 550 277 609 adventus
290 551 507 612 Diomedontis
520 552 666 611 ostendit.
699 554 741 610 At
752 551 803 610 ille
816 551 1024 610 Diomedonte

122 659 227 711 ceram
245 653 388 727 “Nihil,’'
403 654 512 732 inquit,
530 662 636 731 “opus
657 654 788 731 pecunia
810 663 878 712 est:
904 671 976 712 nam
998 663 1025 712 si

121 762 176 813 rex
191 774 230 814 ea
243 757 308 815 voit
323 775 402 833 quae
418 758 576 817 Thebenis
593 768 665 816 sunt
683 757 777 829 irtilia,
794 756 900 834 gratiis
921 757 1024 816 iacere

122 877 192 916 sum
207 868 332 934 paretus
349 883 356 932 ;
379 869 545 920 sinautem
568 860 729 933 contraria,
746 867 809 919 non
837 859 931 918 habet
958 869 1024 918 auri
1061 877 1074 929 5

121 971 217 1037 atque
234 971 354 1039 argenti
368 964 452 1024 satis.
489 967 632 1041 Namque
644 964 727 1023 orbis
740 971 888 1022 terrarum
900 963 1023 1022 divitias

84 1064 265 1140 3accipere
288 1066 362 1126 nele
384 1073 440 1142 pre
464 1067 582 1143 patriae
611 1067 749 1126 caritate.
793 1068 842 1124 Tri
868 1067 951 1142 quod
974 1073 1023 1124 me

121 1167 315 1244 incognitum
337 1178 464 1228 tentasti
484 1178 589 1245 tuique
606 1170 737 1228 similem
752 1169 943 1240 existimasti,
959 1176 1021 1227 non

122 1279 217 1329 miror
238 1271 356 1349 tibique
378 1279 525 1349 ignes063
562 1274 619 1332 sed
646 1273 792 1350 egredere
817 1279 956 1348 propere,
984 1280 1023 1331 ne

122 1373 202 1432 alies
232 1384 419 1451 corrumpite,
450 1394 519 1434 cum
548 1383 596 1434 me
627 1384 691 1435 nen
719 1375 864 1452 potueris.
911 1378 949 1434 Et
979 1385 1021 1446 tu,
1043 1399 1073 1434 10

122 1476 271 1554 Micythe,
297 1487 457 1555 argentum
478 1479 550 1538 huic
572 1479 676 1551 redde,
699 1489 759 1551 aut,
780 1478 839 1537 nisi
862 1478 900 1537 id
919 1479 1021 1537 cenfe-

83 1590 102 1638 4
121 1579 195 1638 stim
216 1580 303 1653 iacis,
320 1599 378 1658 ego
396 1588 426 1639 te
441 1581 561 1641 tradam
577 1583 799 1660 magistretui.’'
839 1585 934 1642 Hunc
951 1582 1023 1640 Dio-

121 1682 237 1741 medon
267 1701 336 1741 cum
365 1693 487 1761 rogeret
516 1695 549 1743 ut
578 1693 645 1744 trite
674 1695 770 1745 exiret
799 1705 916 1762 suaque
941 1704 1022 1761 quae

121 1785 277 1858 attulerat,
300 1785 405 1845 liceret
427 1787 544 1861 efferre,
578 1789 695 1847 “Istud
728 1788 883 1865 quidem,’'
910 1788 1020 1865 inquit,

123 1889 273 1962 “faciam,
291 1908 393 1966 neque
413 1900 466 1950 tue
486 1900 588 1964 cause,
611 1893 668 1951 sed
689 1901 765 1965 meai,
788 1900 835 1966 ne,
857 1902 884 1951 si
903 1892 959 1951 tibi
982 1893 1022 1951 sit
1041 1906 1072 1958 15

120 1991 255 2067 pecinia
277 1992 430 2069 adempta,
455 1993 565 2070 aliquis
588 1995 670 2054 dicat
693 1995 724 2054 id
747 1996 787 2053 ad
810 2002 859 2053 me
882 2002 1021 2071 ereptum

84 2104 101 2152 5
120 2094 301 2170 pervenisse
321 2096 405 2171 quod
423 2096 557 2156 deletum
584 2097 723 2175 accipere
747 2098 947 2157 neluissem.”
992 2089 1022 2156 A

121 2204 185 2273 que
210 2217 281 2256 curn
305 2208 487 2274 quaesisset,
516 2207 577 2275 que
600 2207 634 2258 se
656 2201 769 2259 deduci
789 2201 890 2274 vellet,
916 2209 947 2259 et
969 2200 1022 2260 ille

120 2300 264 2359 Athenas
292 2301 427 2374 dixisset,
458 2302 646 2378 praesidium
673 2303 767 2375 dedit,
799 2313 833 2362 ut
861 2311 927 2362 tute
955 2323 1021 2380 per-

120 2412 249 2461 veniret.
295 2404 406 2480 Neque
432 2412 504 2464 vere
528 2405 560 2464 id
586 2406 662 2464 satis
688 2406 804 2479 habuit,
835 2407 891 2465 sed
917 2406 1019 2478 etiam,
1040 2425 1070 2459 20

120 2515 153 2564 ut
177 2505 345 2566 inviolatus
371 2506 402 2563 in
428 2516 538 2567 nevem
561 2509 751 2581 escenderet,
775 2527 830 2584 per
854 2509 1020 2568 Chabriam

121 2607 354 2681 Atheniensem,
382 2610 421 2668 de
451 2617 514 2686 que
543 2619 637 2687 supra
662 2611 852 2670 mentienem
879 2611 1018 2683 fecimus

86 2710 234 2769 sseffecit.
280 2712 498 2771 Abstinentiae
525 2713 582 2771 erit
611 2713 671 2773 hec
697 2714 773 2772 satis
798 2713 1018 2773 testimenium.

121 2814 257 2873 Plurima
278 2814 403 2889 quidem
423 2815 559 2892 preferre
580 2836 753 2892 possumus
770 2817 825 2875 sed
844 2817 955 2876 modus
970 2817 1020 2875 ad-

120 2896 276 2976 hibendus
305 2926 361 2989 est,
392 2918 540 2993 quoniam
565 2926 627 2978 ime
655 2920 715 2979 hec
744 2920 898 2978 volumine
926 2928 1019 2977 vitam
1039 2941 1069 2991 25

121 3018 337 3078 excellentium
360 3020 494 3080 virerum
516 3022 717 3098 complurium
740 3022 924 3081 concludere
950 3029 1019 3080 cen-

162 3194 176 3227 2
194 3180 324 3245 ostendit,
343 3181 485 3244 dixit—9
502 3183 635 3249 egredere,
654 3186 713 3242 abi;
740 3185 860 3248 propere,
875 3185 1011 3248 cinfistim.

122 3277 192 3327 -13
215 3266 331 3328 rogitet,
356 3266 531 3314 araret-16
551 3267 689 3332 adempta,
711 3272 881 3331 erepta-23
901 3267 1020 3318 testime-

124 3344 207 3411 nium,
220 3348 353 3395 indicium.
