2492 3700
190 264 224 314 10
464 269 761 319 THEMISTOCLES.
797 284 821 318 2.

153 431 176 492 2
232 435 354 496 Primus
364 447 468 495 autem
476 438 590 514 gradus
599 436 658 496 luit
670 438 882 514 capessendae
893 446 938 496 rei
948 435 1090 513 priblicae

190 535 275 596 belle
304 539 498 619 Corcyraea:
535 541 575 622 ad
605 541 689 616 quod
721 541 891 618 gerendum
919 547 1044 616 praetor
1072 546 1090 597 a

190 640 307 716 popule
322 641 424 701 lactus
440 649 502 701 nen
518 643 617 702 selum
633 651 790 718 praesenti
811 642 902 715 bella,
919 642 976 700 sed
997 640 1091 699 etiam

158 745 176 798 2
192 741 311 818 reliqua
326 753 464 821 tempore
478 745 660 804 ferecierem
675 745 810 804 reddidit
825 744 989 803 civitatem.
1010 745 1090 801 Nam

192 863 264 903 cum
278 846 409 922 pecunia
420 847 552 924 priblica,
567 837 647 924 quae
663 867 700 906 ex
715 848 847 907 metallis
861 847 991 919 redibat,
1005 846 1091 923 largi·
1127 861 1141 912 5
1190 861 1194 865 ·

192 948 279 1008 tiene
308 950 543 1027 magistratuum
573 960 741 1027 quotannis
769 951 915 1023 interiret,
947 950 997 1008 ille
1026 967 1093 1026 per-

193 1051 293 1111 suasit
307 1054 423 1129 popule
438 1063 471 1111 ut
487 1063 524 1113 ea
539 1054 672 1130 pecnnia
694 1054 805 1113 classis
827 1063 952 1112 centum
967 1052 1091 1112 navium

159 1160 177 1211 3
194 1155 414 1215 aedificaretur.
460 1157 531 1230 Qua
546 1157 687 1216 celeriter
708 1157 820 1216 effecta
835 1165 965 1234 primum
981 1158 1092 1233 Corcy-

194 1265 283 1318 raees
308 1259 408 1336 fregit,
434 1259 548 1319 deinde
572 1260 743 1320 maritimas
768 1261 941 1336 praedenes
967 1266 1092 1318 censec-

194 1362 291 1421 tande
314 1381 398 1420 mare
421 1371 520 1421 tritum
546 1362 691 1422 reddidit.
737 1365 775 1421 In
799 1370 861 1439 que
884 1381 953 1420 cum
977 1359 1092 1451 diyitiis
1113 1379 1144 1414 10
1242 1366 1243 1377 ¹

195 1464 323 1537 amavit,
348 1474 411 1523 tum
434 1465 526 1524 etiam
549 1465 754 1542 peritissimas
778 1465 853 1524 belli
875 1465 993 1524 navalis
1018 1462 1092 1522 fecit

160 1567 411 1628 4Athenienses.
458 1569 496 1627 Id
526 1578 660 1644 quantae
690 1571 781 1627 saluti
810 1567 902 1626 fuerit
931 1566 1091 1625 universae

195 1669 353 1742 Graeciae,
377 1670 460 1730 belle
483 1671 641 1748 cagnitum
663 1681 711 1730 est
738 1670 870 1730 Persica.
916 1673 996 1729 Nam
1022 1688 1092 1728 cnm

195 1774 313 1832 Xerxes
335 1783 367 1832 et
388 1783 464 1832 mari
487 1783 518 1832 et
540 1783 621 1833 terra
643 1775 758 1833 bellum
781 1774 942 1834 universae
966 1774 1093 1832 interret

197 1878 337 1954 Eurepae
353 1896 423 1936 cum
438 1887 533 1937 tantis
551 1878 648 1954 capiis
664 1887 797 1955 quantas
820 1897 921 1955 neque
942 1887 1014 1937 ante
1034 1896 1092 1936 nec
1114 1897 1144 1949 15

161 1989 305 2055 5p0stea
326 1980 435 2039 habuit
457 1980 638 2057 quisquam:
661 1981 752 2040 huius
774 1981 856 2040 enim
879 1981 989 2040 classis
1010 1981 1093 2038 mille

196 2092 227 2141 et
252 2083 454 2142 ducentarum
481 2083 604 2142 navium
635 2083 795 2160 longarum
821 2083 888 2156 luit,
914 2103 1006 2161 quam
1032 2085 1093 2143 duo

197 2186 280 2244 milia
312 2186 520 2245 onerariarum
551 2187 770 2262 sequebantur,
801 2194 961 2246 terrestres
992 2196 1094 2253 autem

197 2288 349 2347 exercitiis
379 2288 577 2365 septingenta
607 2289 755 2365 peditum,
786 2289 924 2366 equitum
953 2289 1095 2366 quadrin-
1140 2313 1146 2322 ·

163 2399 180 2449 6
196 2401 291 2467 genta
305 2391 389 2450 milia
403 2392 529 2451 luerunt
542 2416 547 2451 :
560 2391 700 2451 —cuius
716 2394 755 2452 de
771 2393 906 2452 adventii
926 2412 995 2451 cum
1012 2394 1095 2451 fama
1115 2411 1149 2445 20

197 2494 229 2551 in
252 2495 415 2553 Graeciam
437 2505 520 2555 esset
542 2496 661 2571 perlata
683 2505 715 2554 et
734 2495 865 2555 maxime
888 2496 1095 2555 Athenienses

197 2606 262 2673 peti
277 2598 452 2657 dicerentur
467 2608 592 2674 propter
606 2608 742 2676 pignam
759 2599 995 2672 Maratheniam,
1009 2605 1096 2657 mise

198 2709 268 2759 runt
285 2701 425 2777 Delphes
442 2701 618 2760 cansultum
634 2699 781 2777 quidnam
797 2702 936 2760 lacerent
951 2703 989 2761 de
1005 2703 1096 2761 rebus

199 2812 271 2861 suis.
305 2803 557 2862 Deliberantibus
573 2802 684 2881 Pythia
699 2804 860 2880 respondit
882 2814 915 2862 ut
935 2804 1096 2863 moenibus

164 2908 181 2959 7
199 2906 309 2982 ligneis
324 2912 358 2963 se
373 2914 536 2965 munirent.
569 2907 606 2965 Id
621 2913 805 2982 respensum
821 2913 882 2982 que
898 2907 1013 2966 valeret
1027 2925 1096 2965 cum
1118 2924 1132 2957 2
1137 2924 1151 2975 5

199 3008 392 3084 intellegeret
408 3015 506 3080 neme,
522 3008 750 3068 Themistocles
765 3008 919 3084 persuasit
934 3009 1097 3069 censilium

243 3176 253 3209 1
272 3161 462 3226 capessendae,
476 3161 656 3223 suscipiendae.
666 3175 723 3225 -3
740 3158 841 3225 factus,
854 3166 960 3209 creatus.
971 3192 1004 3199 -
1015 3177 1045 3211 ιο
1059 3163 1100 3213 ‹ii-

199 3243 288 3307 vitils,
305 3243 398 3305 opibus.
408 3271 442 3278 -
453 3256 483 3305 19
494 3243 638 3307 exercitlm,
654 3246 744 3305 capiat.
755 3271 789 3279 -
798 3256 829 3307 23
846 3244 1008 3309 cbnsultum,
1024 3247 1099 3293 inter-

200 3332 325 3389 rogatum.
335 3354 369 3362 —
379 3340 409 3384 24
422 3326 646 3389 deliberantibm,
661 3326 855 3380 cansulentibus.
