2492 3700
190 266 208 315 6
486 265 700 314 murmuris.
738 279 760 331 5,
772 266 795 314 6.

191 433 294 492 multis
309 434 386 492 locis
402 442 490 492 erant
504 434 605 514 rarae)
623 434 682 493 hdc
697 433 837 506 consilis),
850 443 884 491 ut
896 443 926 492 et
938 432 1088 492 muntium

191 535 352 595 altitudine
378 545 554 613 tegerentur
579 545 609 594 et
635 537 778 595 arborum
804 544 903 595 tractu
932 535 1089 612 equitatus

190 639 325 698 hostium
349 639 556 715 impediretur,
581 647 619 698 ne
643 639 838 698 multitudine
863 639 1085 702 clauderentur.

156 753 174 802 4
192 741 291 815 Datis,
309 751 368 801 etsi
390 750 453 802 ndu
464 755 607 818 ¹aequum
627 743 729 800 locum
749 743 874 801 videbat
894 751 966 815 suis,
983 751 1088 801 tamen

94 877 107 882 -
190 846 287 904 fretus
302 854 430 905 numerr')
446 845 602 922 cdpiacum
618 855 742 905 suarum
755 846 920 923 cdnfligere
933 846 1087 922 cupiebat,
1125 859 1139 912 5

191 955 291 1024 edque
313 949 419 1026 magis,
443 949 534 1025 quod,
556 949 735 1025 priusquam
758 949 997 1008 Lacedaemonii
1019 950 1089 1008 sub

191 1051 271 1110 sidir')
286 1061 435 1123 venirent,
456 1051 601 1110 dimicare
622 1052 696 1111 utile
717 1051 931 1111 arbitrabatur.
978 1055 1088 1128 Itaque

191 1155 223 1211 in
250 1154 347 1213 aciem
377 1153 515 1231 peditum
546 1164 679 1226 centum,
705 1155 842 1230 equitum
871 1156 981 1214 decem
1005 1154 1089 1214 milia

158 1268 174 1316 5
191 1258 335 1333 prdduxit
349 1257 561 1334 proeliumque
578 1257 740 1317 commisit.
786 1260 824 1315 In
840 1266 901 1334 qud
916 1266 1004 1318 tant6
1019 1258 1089 1335 plus

191 1360 302 1420 virtute
324 1361 486 1420 valuerunt
508 1361 771 1419 Atheniensesut
793 1362 1013 1438 decemplicem
1036 1381 1089 1419 nu·
1110 1378 1141 1413 10

191 1483 308 1522 merum
334 1463 469 1522 hostium
498 1463 699 1541 profligarint,
724 1465 864 1540 adedque
894 1472 954 1523 eus
977 1474 1089 1541 perter-

192 1575 317 1626 ruerunt
337 1577 371 1626 ut
394 1569 507 1626 Persae
527 1574 590 1626 ndn
610 1576 721 1638 castra,
739 1568 794 1625 sed
817 1575 912 1626 naves
934 1567 1087 1643 petierint.

192 1671 263 1744 Qua
278 1679 382 1747 pugna
397 1670 473 1728 nihil
488 1670 589 1728 adhuc
605 1669 722 1728 exstitit
738 1670 885 1728 ndbilius:
909 1670 992 1728 nulla
1006 1671 1089 1729 enim

192 1792 337 1851 umquam
359 1783 422 1831 tam
445 1772 555 1851 exigua
575 1791 686 1831 manus
704 1782 808 1831 tantas
823 1780 899 1850 opes
914 1773 1088 1850 prdstraivit.

156 1887 179 1947 6
235 1877 330 1937 Cuius
351 1876 497 1936 victoriae
518 1884 580 1936 ndn
602 1876 736 1935 alienum
756 1877 876 1934 videtur
897 1878 987 1953 quale
1005 1896 1090 1954 prae
1111 1901 1142 1953 15
1240 1949 1241 1952 Ἴ

192 1980 286 2038 mium
317 1980 452 2039 Miltiadi
481 1980 521 2038 sit
549 1978 696 2038 tributum
727 1980 847 2051 docere,
878 1987 940 2055 qus)
968 1980 1089 2039 facilius
1240 1971 1241 1980 ¹

192 2083 329 2161 intellegi
344 2083 443 2160 possit
459 2083 589 2141 eandem
606 2083 742 2141 omnium
754 2082 911 2141 civitatum
923 2102 992 2142 esse
1004 2092 1090 2141 natu·

158 2199 265 2249 tram.
310 2188 354 2245 Ut
380 2186 461 2245 enim
484 2186 590 2262 populi
613 2187 748 2244 Romani
774 2187 907 2245 hondres
933 2187 1089 2261 quondam

192 2291 315 2349 luerunt
337 2298 397 2348 rari
417 2299 448 2348 et
467 2296 576 2346 tenues
596 2289 638 2346 ob
659 2306 788 2364 eamque
809 2308 934 2347 causam
954 2289 1088 2366 gibuini,

193 2412 275 2451 nunc
302 2402 405 2451 autem
431 2392 521 2450 effusi
548 2400 641 2467 atque
668 2391 808 2461 obsoleti,
835 2400 879 2449 sic
904 2390 977 2450 clim
1007 2392 1090 2467 apud
1109 2418 1143 2454 20

159 2495 402 2554 3Athenienses
424 2494 520 2553 fuisse
543 2503 721 2569 reperimus.
768 2496 909 2569 Namque
929 2494 1000 2552 huic
1022 2494 1090 2552 Mil-

193 2598 277 2672 tiadi,
303 2608 355 2674 qui
385 2598 525 2657 Athenas
554 2603 713 2672 tritamque
743 2597 906 2655 Graeciam
935 2597 1088 2670 liberarat,

192 2702 264 2762 talis
289 2702 389 2760 honus
414 2701 548 2759 tributus
574 2709 631 2772 est,
655 2699 686 2756 in
710 2698 838 2775 porticu,
861 2718 940 2775 quae
967 2701 1090 2759 Poecile

193 2814 328 2876 vocatur,
345 2823 414 2862 cum
430 2814 533 2881 pugna
552 2803 770 2879 depingeretur
786 2802 993 2877 Marathrinia‚
1009 2814 1042 2863 ut
1057 2804 1089 2861 in

192 2908 301 2968 decem
321 2914 496 2984 praeturum
518 2913 645 2964 numeri>
667 2914 764 2982 prima
786 2905 852 2964 eius
874 2905 976 2983 imagi)
998 2915 1090 2984 pdne·
1110 2933 1140 2983 ²5

236 3093 249 3146 5
264 3080 414 3144 cdnfligere,
434 3085 601 3142 pugnara—
610 3077 627 3127 6
644 3077 775 3142 subsidit,
793 3079 900 3126 auxilii.
910 3106 944 3114 —
954 3091 981 3127 11
1002 3080 1091 3143 prdssi·

193 3164 295 3229 girini,
309 3164 507 3226 pristrdverint.
518 3191 552 3198 -
567 3175 595 3222 14
613 3161 721 3225 exigua,
738 3167 822 3222 parva
828 3176 840 3218 ;
863 3162 938 3225 opis,
957 3165 1090 3224 cpias.-

196 3261 225 3310 19
237 3248 300 3313 riri,
309 3251 406 3308 pauca]
424 3245 543 3309 gldridsi,
554 3245 692 3307 praeclari.
701 3272 734 3279 —
742 3258 773 3291 20
784 3243 858 3307 elim,
869 3246 1006 3307 quondam.
1015 3276 1049 3282 —
1059 3262 1071 3294 2
1076 3260 1089 3310 5

193 3332 356 3393 praeturum,
369 3330 469 3376 ducum.
