2492 3700
191 199 223 254 st
487 197 700 246 Panormus.
737 212 759 253 2,
773 212 795 262 3.

192 367 254 426 dux
274 377 339 425 erat
360 366 533 442 Pelopidas,
551 381 621 423 curn
637 365 769 424 Athenis
789 364 923 424 interdiu
942 375 1089 439 exissent,

193 479 225 527 ut
247 478 484 546 vesperascente
509 468 595 528 caelo
618 468 744 526 Thebas
766 478 895 543 possent
917 478 1089 544 pervenire,

192 590 261 630 cum
282 572 411 632 canibus
433 571 582 630 venaticis
602 570 750 642 exierunt,
767 570 844 629 retia
864 572 1008 643 ferentes,
1025 591 1091 631 ves

193 683 250 732 titu
275 683 396 751 agresti,
423 681 485 749 qua
511 673 629 734 minere
656 674 833 749 suspicione
858 675 997 732 iacerent
1022 675 1089 733 iter.

193 778 255 851 Qui
279 794 348 836 cum
379 787 517 854 tempore
543 777 611 853 ipso
635 769 697 852 qua
721 778 911 849 studuerant,
935 777 1091 853 pervenis·
1110 762 1143 853 '5

193 891 270 952 sent,
285 881 408 939 domum
423 880 575 942 Charonis
591 881 796 952 deverterunt,
810 890 828 940 a
845 889 906 958 qua
921 891 952 940 et
967 890 1091 958 tempus

192 995 222 1042 et
238 985 304 1043 dies
319 994 384 1044 erat
399 985 498 1043 datus.
543 996 546 1002 ’
580 1017 582 1020 -

157 1093 179 1152 3
236 1090 306 1146 Hac
327 1088 395 1146 loca
416 1087 491 1146 libet
506 1088 710 1165 interponere,
728 1097 786 1147 etsi
804 1089 977 1148 seiunctum
996 1090 1036 1148 ab
1057 1097 1089 1149 re

191 1191 349 1268 proposita
361 1200 416 1266 est,
430 1191 524 1249 nimia
535 1191 652 1249 fiducia
664 1201 798 1267 quantae
810 1192 978 1251 calamitati
990 1193 1091 1251 soleat

192 1316 269 1356 esse.
321 1300 400 1355 Nam
424 1297 658 1373 magistratuum
680 1297 900 1356 Thebanorum
922 1297 1025 1355 statim
1049 1297 1091 1355 ad
1111 1316 1144 1351 10

193 1408 281 1460 aures
304 1401 443 1477 pervenit
469 1403 591 1462 exsules
610 1402 648 1460 in
676 1403 781 1460 urbem
805 1401 936 1460 venisse.
983 1399 1020 1458 Id
1045 1398 1090 1459 illi

192 1515 264 1567 vine
286 1509 446 1585 epulisque
469 1509 565 1568 dediti
588 1529 685 1609 usque
709 1517 745 1568 ea
767 1509 974 1585 despexerunt
994 1518 1027 1565 ut
1049 1514 1090 1566 ne

158 1613 338 1687 2quaerere
355 1613 479 1688 quidem
500 1614 538 1672 de
561 1622 649 1671 tanta
671 1620 702 1671 re
725 1611 901 1671 labererint.
947 1611 1091 1669 Accessit

192 1714 284 1778 etiam
300 1716 383 1792 quod
398 1716 495 1792 magis
514 1725 644 1792 aperiret
664 1723 769 1775 earum
788 1715 983 1773 dementiam.
1029 1714 1091 1771 Ad-

129 1815 131 1819 ’
192 1817 254 1877 lata
275 1828 323 1879 est
345 1818 428 1878 enirn
449 1819 582 1896 epistula
601 1819 732 1878 Athenis
755 1819 794 1878 ab
817 1817 955 1877 Archino
977 1825 1029 1875 uni
1051 1833 1143 1886 exis

193 1923 249 1994 his,
267 1922 408 1995 Archiae,
426 1932 478 1999 qui
500 1932 563 1981 tum
587 1924 750 1982 maximum
775 1922 986 1999 magistratum
1009 1921 1089 1979 The·
1135 1911 1139 1918 ’

192 2027 240 2085 bis
261 2026 430 2097 obtinebat,
447 2026 479 2082 in
500 2034 561 2101 qua
583 2026 687 2084 omnia
709 2027 748 2084 de
769 2024 960 2101 profectiune
983 2031 1089 2084 earum

192 2138 363 2206 perscripta
379 2140 473 2188 erant.
518 2129 607 2203 Quae
625 2148 694 2187 cum
713 2130 772 2187 iam
792 2130 956 2188 accubanti
971 2128 1001 2186 in
1019 2147 1090 2186 con-

192 2232 274 2291 vnio
296 2242 380 2291 esset
402 2232 482 2302 data,
507 2241 586 2291 sicut
609 2242 672 2290 erat
695 2240 825 2308 signata,
850 2232 907 2291 sub
929 2232 1088 2307 pulvinum

193 2335 347 2395 subiciens
361 2338 422 2393 “In
433 2334 630 2406 crastinum‚’'
641 2334 749 2410 inquit,
762 2334 896 2393 “differe
904 2342 953 2393 res
962 2333 1089 2392 serias''
1110 2357 1143 2391 20

159 2434 175 2484 3
193 2441 235 2496 At
254 2438 297 2495 illi
319 2444 435 2509 omneS,
451 2456 522 2521 cum
544 2438 605 2495 iam
629 2457 688 2496 nox
711 2438 923 2514 precessisset,
939 2438 1089 2495 vinolenti

193 2542 232 2600 ab
244 2540 402 2600 exsulibus
415 2541 493 2599 duce
507 2541 656 2617 Pelopida
672 2551 743 2599 sunt
759 2540 922 2599 interfecti.
967 2539 1090 2613 Quibus

193 2645 284 2703 rebus
295 2644 456 2715 ceniectis‚
465 2644 561 2720 'volgo
574 2645 613 2702 ad
626 2663 709 2701 arma
720 2644 955 2718 libertatemque
967 2650 1088 2714 vocata,

194 2754 255 2806 nen
272 2747 370 2806 selum
387 2756 439 2823 qui
462 2747 493 2804 in
516 2748 591 2806 urbe
607 2757 702 2818 erant,
720 2747 776 2805 sed
791 2746 884 2806 etiam
900 2745 1036 2821 undique
1052 2764 1090 2804 ex

193 2859 274 2927 agris
304 2858 532 2921 concurrerunt,
559 2850 745 2926 praesidium
773 2848 1090 2908 Lacedaemoniurum
1110 2861 1142 2913 25

194 2973 230 3011 ex
257 2972 326 3011 arce
352 2953 544 3029 pepulerunt,
570 2952 700 3029 patriam
724 2952 887 3012 obsidiane
910 2952 1088 3025 liberarunt,

237 3118 250 3170 5
263 3105 433 3169 studuerant,
446 3108 586 3153 voluerant.
594 3105 647 3153 -8
660 3105 822 3169 seiunctum,
834 3106 956 3153 alienum.
968 3119 1032 3152 -12
1046 3104 1092 3155 de·

192 3191 349 3253 spexerunt,
385 3193 592 3250 contempserunt.
605 3218 639 3224 —
653 3203 682 3248 14
721 3190 849 3253 aperiret,
885 3189 1044 3251 patefaceret.
1057 3216 1093 3225 -—

194 3287 225 3321 20
251 3270 396 3334 subiciens,
417 3276 651 3334 suppanens.—23
675 3272 764 3334 uolgi),
779 3274 881 3333 popula.
