2492 3700
452 701 731 786 nltrlnnes.

49 868 52 893 Ι

48 914 52 1001 ξ
99 931 121 988 1
187 932 382 1002 MILTIAD‘ES,
407 930 546 990 Cimenis
568 931 662 1005 filius,
685 932 897 1005 Atheniensis,
918 951 988 990 curn
1010 943 1041 992 et

47 1048 51 1101 ξ
142 1033 327 1109 antiquitate
347 1033 470 1111 generis
487 1042 517 1092 et
532 1033 631 1111 glorie
652 1034 800 1094 meierum
815 1045 846 1094 et
862 1045 919 1095 sue
938 1037 1041 1095 mode·

142 1135 294 1196 stie'srnus
306 1135 444 1194 omnium
455 1136 586 1196 menime
597 1137 721 1197 flereret
732 1147 830 1214 eeque
843 1149 927 1198 esset
938 1148 1039 1199 aetete

142 1248 177 1297 ut
199 1247 263 1299 nen
287 1239 347 1298 iarn
372 1240 472 1298 selum
495 1240 534 1299 de
558 1248 596 1300 ee
610 1241 691 1300 bene
714 1249 847 1318 sperare,
869 1243 925 1300 sed
948 1242 1039 1301 etiarn

142 1342 302 1402 censidere
334 1349 418 1402 cives
446 1353 576 1419 possent
606 1353 655 1403 sui
682 1321 777 1403 telem
807 1363 877 1403 eum
905 1344 1039 1403 interum
1076 1362 1089 1414 5

134 1445 267 1521 'quelern
281 1445 438 1522 segnitum
454 1445 637 1518 indicerunt,
654 1447 768 1506 accidit
784 1457 817 1507 ut
832 1447 1040 1506 Athenienses

107 1557 125 1606 2
144 1549 374 1608 Chersonesum
390 1548 518 1609 colentis
533 1550 649 1609 vellent
663 1550 793 1609 mittere.
839 1551 934 1610 Cr‘rius
949 1569 1040 1628 gene

142 1652 184 1709 ris
207 1669 277 1709 cum
296 1660 426 1728 megnus
446 1670 590 1710 numerus
611 1662 694 1711 esset
714 1662 745 1711 et
763 1654 850 1712 multi
866 1653 932 1712 eius
948 1654 1040 1712 derni-

141 1753 291 1831 gretienis
307 1763 448 1830 peterent
463 1754 652 1826 societatem,
666 1775 705 1813 ex
719 1755 756 1814 iis
773 1757 883 1815 delecti
900 1756 1039 1833 Delphes

142 1859 346 1917 deliberatum
367 1866 454 1916 missi
474 1866 553 1930 sunt,
571 1867 625 1934 qui
640 1859 836 1918 consulerent
851 1860 1037 1936 Apollinem,
1060 1886 1089 1921 ιο

142 1968 205 2037 que
236 1960 430 2037 potissimum
467 1961 545 2020 duce
578 1970 744 2020 nterentur.
804 1964 945 2038 Namque
975 1972 1039 2021 tum

141 2064 280 2123 Threces
302 2072 355 2123 ees
377 2064 519 2141 regienes
541 2064 699 2136 tenebant,
721 2084 790 2123 curn
813 2065 925 2141 quibus
947 2074 1039 2124 armis

105 2172 208 2226 3erat
234 2167 452 2227 dimicandum.
509 2169 570 2225 His
594 2168 828 2227 censulentibus
858 2168 1039 2228 neminetim

142 2269 254 2348 Pythia
281 2269 440 2346 praecepit
469 2279 503 2329 ut
533 2270 707 2329 Miltiadem
735 2270 950 2347 impereterem
979 2271 1039 2330 sibi

141 2378 320 2432 semerentz'
338 2373 371 2431 id
392 2382 418 2431 si
435 2372 592 2445 fecissent,
612 2373 736 2449 incepta
757 2381 905 2450 prespera
926 2375 1038 2432 interra.
1060 2397 1089 2450 ¹5

104 2478 123 2525 4
142 2478 215 2534 Ηόο
236 2477 353 2536 ὀῐῑιουΙί
372 2483 523 2552 respense
544 2476 702 2535 Miltiades
721 2496 791 2535 cunr
810 2478 929 2536 delecte
947 2487 1040 2536 manfr

140 2580 242 2637 classe
255 2579 483 2638 Chersonesum
498 2580 656 2655 protectus
672 2598 741 2637 cum
754 2580 937 2639 accessisset
953 2581 1039 2638 Lem-

140 2700 215 2740 num
231 2690 262 2740 et
277 2680 395 2740 incoles
411 2681 476 2740 eius
492 2682 610 2741 insulae
627 2683 685 2740 sub
700 2691 886 2757 potestetem
902 2683 1039 2759 redigere

139 2785 235 2844 vellet
250 2784 496 2856 Atheniensium,
513 2784 607 2860 idque
623 2784 744 2842 Lemnii
763 2794 819 2843 sue
834 2795 945 2861 sponte
960 2786 1040 2843 face-

104 2894 122 2943 5
140 2896 210 2946 rent
225 2887 424 2963 postulasset,
441 2886 485 2945 illi
500 2887 669 2946 inridentes
687 2889 913 2963 responderunt
929 2898 993 2946 tum
1008 2888 1040 2945 id
1059 2912 1089 2947 20

141 2998 175 3049 se
187 2990 323 3050 iactares
338 3008 407 3048 curn
420 2990 470 3048 ille
483 2990 576 3049 dorne
589 2990 720 3048 nivibus
732 2991 931 3067 proficiscens
946 2997 1040 3048 vente

184 3163 197 3197 2
218 3149 334 3213 generis,
363 3148 520 3211 gemin-8
540 3148 759 3213 demigrationis,
784 3150 998 3212 profectibnis.—
1012 3161 1040 3196 ιο

140 3232 330 3297 deliberem,
358 3239 539 3295 quaestum.-
553 3245 582 3295 13
601 3232 796 3296 dimicandum,
815 3232 997 3294 pagmndum.
1007 3258 1041 3265 —

142 3329 171 3377 17
185 3314 355 3379 accessisset,
362 3317 567 3377 pervenisset-
577 3328 607 3379 19
619 3317 668 3366 sui
680 3316 787 3378 sponte,
800 3316 876 3386 altra.
