2492 3700
396 267 694 316 rusmsrocnss.
729 268 753 324 s,
765 283 789 331 9.
1010 268 1040 318 17

141 436 213 494 simi
226 435 281 493 viri
291 445 401 511 captus
416 436 627 495 misericordie
639 436 721 495 diem
733 447 918 512 noctemque
933 436 1040 512 procul

141 538 183 596 ab
206 537 306 596 insule
331 537 363 596 in
387 538 454 597 sale
480 547 590 598 navem
615 538 715 598 tenuit
739 539 770 596 in
794 548 916 598 ancoris
938 558 1039 616 neque

142 659 330 716 quemquam
345 660 383 699 ex
398 650 435 700 ee
450 651 532 700 exire
550 660 662 717 passus
677 651 734 700 est.
781 641 859 700 Inde
884 642 1038 718 Ephesum

141 743 282 820 pervenit
304 743 409 821 ibique
425 743 667 803 Themistoclem
686 745 831 821 expernit:
853 744 903 803 cui
918 744 968 803 ille
983 753 1039 821 pre

141 845 259 905 meritis
274 857 382 924 postee
396 848 527 924 gretiam
542 847 667 907 rettulit.
1075 864 1089 916 5

102 949 126 1008 9
186 949 257 1009 Scie
269 951 433 1027 pleresque
446 951 489 1009 ita
501 951 671 1027 scripsisse,
683 951 924 1010 Themistoclem
936 953 1039 1012 Xerxe

140 1060 291 1130 regnante
306 1054 338 1111 in
354 1054 461 1112 Asiam
476 1062 635 1113 trensisse.
682 1055 744 1113 Sed
765 1072 824 1130 ego
845 1054 1039 1131 potissimum

140 1156 319 1234 Thucydidi
340 1157 442 1230 crede,
466 1158 550 1233 quod
573 1167 604 1216 et
626 1167 727 1217 aetete
751 1157 907 1234 proximus
933 1158 972 1217 de
1002 1158 1039 1217 iis

142 1268 196 1335 qui
210 1259 331 1318 illerum
346 1270 517 1337 temporum
533 1261 692 1320 historiam
708 1261 905 1338 reliquerunt,
916 1271 947 1320 et
962 1261 1039 1320 eius-

140 1362 214 1420 dem
230 1362 362 1440 civitetis
376 1363 443 1421 fuit.
482 1366 515 1422 Is
531 1375 634 1424 autem
649 1365 692 1424 ait
707 1365 747 1423 ad
763 1368 953 1423 Artaxerxen
968 1383 1039 1423 eum
1059 1389 1089 1424 ιο

106 1477 124 1526 2
140 1465 265 1524 venisse
285 1475 378 1543 atque
394 1466 442 1526 his
457 1468 559 1526 verbis
581 1468 745 1544 epistulam
769 1467 909 1527 misisse:
934 1468 1039 1526 “The-

142 1568 299 1628 mistocles
321 1576 392 1628 veni
414 1570 454 1629 ad
476 1578 514 1643 te,
539 1581 592 1647 qui
617 1571 746 1647 plurima
773 1571 854 1629 mala
880 1571 1039 1630 hominum

142 1670 304 1730 Greierum
331 1672 362 1729 in
388 1673 513 1732 domum
539 1683 623 1733 tuam
650 1675 748 1746 intuli,
772 1693 864 1751 quam
888 1674 941 1733 diu
963 1673 1039 1730 mihi

141 1793 272 1834 necesse
293 1774 351 1834 fuit
373 1776 536 1835 adversum
558 1787 676 1855 patrem
699 1787 784 1836 tuum
810 1778 925 1837 bellete
948 1776 1040 1855 patri-

106 1891 253 1957 3amque
277 1899 375 1941 meam
399 1882 575 1942 defendere.
622 1876 709 1943 ldem
731 1885 827 1943 multe
849 1886 936 1961 plura
955 1888 1039 1945 bona
1059 1903 1088 1955 15

140 1984 211 2057 feci,
228 1994 392 2061 postquam
415 1985 446 2044 in
469 1994 536 2047 tute
551 1986 617 2064 ipse
640 1997 671 2046 et
691 1987 741 2046 ille
762 1988 793 2045 in
814 1989 950 2064 periculo
969 2008 1038 2048 esse

141 2087 254 2163 coepit.
299 2090 379 2146 Nam
395 2108 465 2149 cum
487 2090 519 2147 in
542 2090 650 2148 Asiam
672 2100 782 2149 reverti
804 2091 904 2163 vellet,
921 2092 1039 2168 proelie

142 2190 226 2267 apud
243 2191 398 2250 Salamina
412 2192 496 2252 lacte
514 2193 624 2251 litteris
646 2212 716 2251 eum
739 2193 899 2253 certiorem
920 2195 981 2254 feci
1007 2195 1039 2254 id

141 2302 200 2371 agi,
223 2303 256 2353 ut
277 2301 357 2369 pens
373 2314 464 2371 quem
480 2295 511 2353 in
529 2296 738 2372 Hellesponto
752 2298 876 2368 iecerat,
893 2297 1038 2358 dissolve·

141 2404 224 2455 retur
246 2405 338 2473 atque
361 2398 400 2456 ab
424 2398 565 2457 hostibus
591 2399 818 2458 circumiretur:
846 2408 907 2476 que
930 2401 1039 2461 nuntie
1058 2419 1089 2453 20

108 2505 125 2554 4
142 2499 193 2558 ille
207 2500 344 2576 pericule
359 2511 408 2561 est
423 2501 579 2560 liberetus.
626 2504 717 2560 Nunc
738 2513 839 2562 autem
860 2504 985 2581 cenfugi
999 2504 1039 2563 ad

142 2610 173 2662 te
188 2602 361 2680 exagitatus
376 2613 395 2663 e
408 2613 518 2663 cuncte
542 2606 682 2678 Graecia,
699 2616 783 2665 tuam
806 2615 915 2684 petens
938 2608 1039 2667 amici-

145 2706 235 2765 tiam:
259 2726 349 2783 quam
370 2718 395 2767 si
416 2716 469 2768 ere
487 2710 627 2785 adeptus,
645 2717 706 2768 nen
730 2710 830 2768 minus
853 2718 901 2769 me
923 2711 1040 2769 bonum

144 2819 276 2869 amicum
291 2811 420 2871 habebis
437 2831 530 2888 quam
541 2813 652 2871 fortem
666 2812 820 2871 inimicum
833 2813 883 2872 ille
896 2824 1040 2891 expertus

144 2922 199 2971 est.
255 2914 301 2973 Te
324 2922 425 2973 autem
448 2922 531 2991 roge,
549 2925 582 2973 ut
604 2916 643 2974 de
666 2915 703 2973 iis
725 2917 816 2975 rebus
838 2926 916 2992 ques
938 2924 1039 2976 tecum
1060 2933 1089 2984 25

188 3100 198 3133 1
213 3088 320 3151 captus,
329 3092 468 3149 permotus.
478 3102 536 3151 -3
551 3101 649 3152 passus
661 3090 713 3153 est,
722 3092 848 3151 permesit.
859 3103 914 3150 -7
928 3089 1041 3153 potissi-

144 3182 228 3234 mum,
246 3171 409 3217 maxime-
422 3184 452 3218 10
468 3170 519 3235 ait,
535 3171 611 3219 dicit..
623 3201 657 3208 -
668 3186 694 3219 11
715 3171 873 3236 epistulam,
892 3173 998 3220 litteras.
1008 3201 1041 3208 -

147 3266 176 3312 14
193 3254 347 3318 adversum,
365 3259 460 3302 contra.
470 3282 503 3288 —
512 3254 622 3321 bellete,
638 3255 728 3304 bellum
740 3272 834 3319 gerere.
844 3285 876 3291 —
887 3269 917 3303 22
933 3257 1039 3320 cuncti,

57 3372 67 3395 ,
145 3339 274 3385 ent'versd.
284 3351 357 3401 —23
372 3337 497 3403 adeptus,
511 3345 607 3386 nactus.
