2492 3700
204 259 236 305 28
546 258 677 305 cnuon.
714 272 736 320 3,
749 273 772 316 4.

166 424 188 483 3
247 426 368 499 Quibus
383 427 475 485 rebus
491 444 561 484 cum
576 436 657 484 imus
673 425 704 483 in
720 425 844 483 civitete
869 423 999 484 maixime
1020 423 1106 484 flere

205 539 258 601 ret,
279 529 387 587 incidit
410 530 440 586 in
468 530 598 587 eandem
625 528 773 587 invidiam
800 546 891 603 quam
917 537 1005 604 pater
1031 547 1106 587 suus

206 641 360 708 ceterique
387 632 624 715 Atheniensium
651 632 827 708 principes:
859 650 930 689 narn
956 640 1106 690 testarum

206 736 369 812 suffragiis,
384 737 468 812 quod
484 736 526 793 illi
542 735 739 812 ὀστρακισμόν
749 743 871 807 vocant,
889 735 996 793 decem
1012 742 1105 794 anne

172 837 189 887 2
206 858 271 896 rum
284 838 392 897 exsilie
405 839 551 900 multetus
561 847 617 898 est.
646 838 741 898 Cirius
752 838 828 896 iacti
839 837 970 896 celerius
979 837 1106 896 Atheni-

207 949 297 1000 enses
313 961 405 1017 quam
421 942 522 1017 ipsum
538 941 698 1018 paenituit.
744 943 826 998 Nam
841 950 912 999 e'um
930 940 980 998 ille
1001 940 1106 1001 anime

206 1044 278 1102 forti
294 1043 427 1102 invidiae
444 1044 633 1121 ingratorum
645 1043 757 1102 civium
769 1043 917 1102 cessisset
928 1044 1105 1120 bellumque

207 1147 448 1206 Lacedaemonii
463 1147 708 1206 Atheniensibus
731 1147 924 1219 indixissent,
941 1147 1106 1206 censestim

207 1258 298 1308 mitae
336 1250 401 1308 eius
430 1250 551 1309 virtutis
588 1250 775 1308 desiderium
811 1257 1012 1308 censeciitum
1048 1261 1104 1309 est.

174 1350 191 1399 3
209 1357 318 1429 Itaque
334 1363 405 1430 post
421 1372 535 1411 annum
552 1362 702 1430 quintum,
716 1371 808 1427 quam
824 1353 971 1428 expulsus
986 1363 1060 1426 erat,
1074 1353 1107 1411 in
1128 1375 1159 1410 10

207 1457 337 1532 patriam
353 1465 514 1515 revocatus
530 1465 586 1514 est.
627 1455 694 1528 Ille,
707 1456 792 1530 quod
803 1455 941 1530 hospitii>
953 1456 1107 1514 Lacedae-

208 1559 381 1618 monierum
397 1559 547 1630 irtebetur,
562 1557 659 1617 satius
674 1557 854 1616 existimeris
866 1560 1009 1616 concedere
1017 1579 1107 1635 quam

208 1674 302 1720 armis
324 1662 520 1733 contendere,
545 1661 813 1719 Lacedaemonem
836 1671 892 1720 sui
919 1671 1029 1738 sponte
1059 1672 1108 1721 est

209 1766 365 1842 proiectus
377 1775 548 1841 pecemque
565 1763 645 1823 inter
659 1765 737 1823 dues
752 1764 986 1841 potentissimis
1005 1765 1108 1824 civite-

175 1874 192 1922 4
209 1878 256 1928 tes
272 1869 454 1928 conciliavit.
499 1871 581 1941 Post,
595 1887 697 1944 neque
713 1868 755 1926 ita
767 1868 872 1940 multe,
887 1871 1021 1946 Cyprum
1038 1888 1109 1928 cum
1130 1886 1161 1936 15

210 1974 351 2032 ducentis
367 1972 497 2031 nevibus
513 1972 679 2048 imperetor
697 1980 819 2045 missus,
836 1989 905 2029 cum
928 1972 994 2030 eius
1016 1972 1109 2032 meis}

209 2095 273 2133 rem
288 2086 406 2152 partem
423 2076 542 2133 insulae
558 2074 733 2146 devicisset,
746 2073 777 2131 in
789 2074 930 2132 morbum
941 2074 1109 2150 implicitus

209 2180 240 2237 in
257 2179 371 2255 oppide
388 2177 470 2237 Citie
485 2187 533 2236 est
549 2187 695 2236 mortuus.

174 2274 198 2333 4
256 2282 351 2339 Hunc
366 2281 574 2339 Athenienses
590 2288 653 2339 nen
670 2279 770 2339 selum
785 2280 816 2337 in
836 2280 927 2349 belle,
943 2281 1110 2341 sedetiam

210 2385 241 2442 in
258 2394 334 2461 pice
350 2384 403 2443 diu
418 2384 680 2442 desidere'verunt.
727 2383 797 2441 Fuit
810 2382 892 2440 enim
904 2392 991 2442 tante
1003 2384 1111 2443 libere·
1130 2404 1163 2439 20

211 2488 305 2561 litate,
337 2506 407 2545 cum
437 2486 646 2563 complitribus
675 2486 752 2544 locis
782 2485 910 2561 praedia
940 2486 1110 2563 hortesque

211 2592 348 2663 haberet,
375 2599 409 2648 ut
434 2608 600 2666 numquam
628 2589 658 2646 in
683 2589 720 2648 iis
744 2589 905 2675 custedem
931 2589 1111 2665 imposuerit

211 2695 327 2753 fructus
354 2694 497 2752 servandi
522 2692 631 2769 gretie,
656 2699 695 2749 ne
722 2692 791 2768 quis
821 2691 1019 2767 impediretur
1048 2702 1111 2768 que

212 2797 312 2855 minus
336 2806 380 2855 eis
407 2797 497 2854 rebus
524 2796 638 2871 quibus
663 2795 794 2871 quisque
818 2785 920 2866 'vellet
949 2795 1108 2854 frueretur.

178 2901 195 2951 2
214 2903 341 2976 Semper
356 2918 425 2957 eum
441 2898 604 2974 pedisequi
620 2917 690 2956 cum
706 2907 838 2955 nummis
854 2907 927 2955 sunt
943 2906 1050 2970 seciti,
1067 2908 1110 2970 ut,
1132 2921 1163 2970 25

255 3095 265 3128 1
281 3080 395 3145 flireret,
404 3081 590 3127 illustraretur.
598 3107 631 3114 —
641 3093 670 3127 10
689 3080 818 3142 expulsus
830 3079 898 3142 erat,
911 3080 1000 3126 eiectus
1011 3086 1073 3126 erat.
1082 3108 1113 3114 —

215 3163 425 3227 12exietimt‘1n8,
439 3168 545 3224 puldns.
561 3191 595 3197 —
610 3175 637 3222 17
657 3161 812 3225 devicisset,
830 3161 1010 3224 sategissen-
1021 3161 1050 3210 18
1068 3164 1113 3213 esi

213 3249 344 3310 mortuus,
357 3246 422 3293 diem
444 3246 504 3293 obiit
519 3249 676 3306 supremum.
686 3272 719 3279 —
730 3258 743 3290 2
747 3257 761 3306 3
778 3243 877 3307 griiit'i,
890 3249 974 3292 cauni.
985 3271 1018 3279 -
1026 3244 1114 3310 impe-

213 3332 324 3394 diretur,
338 3330 524 3391 prohiberetur.
534 3356 568 3363 —
578 3342 591 3375 2
596 3341 609 3394 5
626 3327 778 3393 pedisequi,
789 3328 897 3391 famuli.
