2492 3700
192 217 223 268 58
484 221 701 272 AGESILAUS.
741 237 760 279 r,
775 237 796 271 2.

193 388 353 460 Lisandra
370 387 566 464 suffragante,
581 389 715 462 homine,
730 400 763 449 ut
778 391 971 449 ostendimus
986 401 1089 467 supra,

191 489 325 550 iactiese
347 500 378 548 et
400 491 437 548 iis
459 491 649 577 temporibus
671 503 807 568 potente,
825 493 987 568 Agesilaus
1008 503 1092 553 ante-

192 591 272 650 latus
288 602 343 651 est.

75 695 77 700 '
156 702 178 762 2
236 697 297 754 Hic
307 695 396 754 simul
407 707 499 772 atque
512 698 619 775 imperi
632 708 747 774 potitus
760 708 816 771 est,
831 699 985 775 persuasit
997 701 1092 758 Lace-

192 798 363 858 daemoniis
382 809 415 858 ut
433 801 584 860 exercitiis
604 801 778 861 emitterent
794 801 825 859 in
841 801 949 860 Asiam
964 803 1091 861 bellurn-
1113 820 1126 870 5

191 921 250 976 que
263 909 326 979 regi
337 904 483 976 facerent,
497 904 612 962 doeens
626 905 722 963 satius
735 924 803 963 esse
817 905 847 962 in
860 905 937 964 Asia
949 924 1041 980 quam
1058 906 1091 962 in

193 1006 314 1081 Eurepa
327 1007 473 1065 dimicari.
517 1009 659 1083 Namque
674 1009 757 1065 tama
772 1008 887 1070 exierat
899 1011 1092 1067 Artaxerxen

191 1118 368 1184 comparare
391 1110 506 1168 classes
528 1111 749 1186 pedestresque
772 1111 932 1181 exercitiis,
957 1119 1034 1187 quos
1058 1111 1091 1168 in

157 1221 174 1270 2
191 1211 353 1269 Graeciam
372 1213 514 1271 mitteret.
561 1215 643 1271 Data
658 1223 813 1289 potestate
829 1223 917 1272 tanta
932 1213 1090 1272 celeritate

192 1323 264 1372 risus
285 1326 332 1373 est
355 1325 388 1373 ut
414 1315 498 1391 prius
524 1315 553 1372 in
573 1316 680 1374 Asiam
702 1336 771 1374 cum
795 1317 893 1392 capiis
915 1317 1091 1393 pervenerit
1113 1348 1145 1382 10

191 1435 283 1492 quam
306 1418 380 1494 regii
403 1428 544 1494 satrapae
565 1438 636 1476 eum
656 1429 770 1477 scirent
790 1421 971 1495 proiectum.
1017 1420 1090 1493 Qus>

190 1520 306 1577 factum
336 1530 384 1578 est
415 1530 447 1579 ut
476 1528 584 1579 omnes
618 1521 785 1598 imparatas
819 1522 1091 1598 imprudentesque

120 1629 121 1632 ’
157 1629 174 1679 3
191 1623 371 1682 offenderet.
403 1624 455 1682 id
475 1633 508 1681 ut
528 1624 674 1700 cagnuavit
689 1624 925 1701 Tissaphernes,
943 1634 994 1700 qui
1011 1644 1090 1683 sum-

192 1713 273 1783 mum
289 1725 450 1802 imperium
465 1735 529 1784 tum
546 1727 625 1784 inter
637 1728 812 1802 praefectas
827 1727 962 1786 habebat
977 1728 1087 1804 regias,

191 1828 326 1889 indatias
342 1838 360 1889 a
377 1831 501 1889 Lacene
516 1829 633 1906 petivit,
651 1829 799 1889 simulans
816 1830 937 1890 sedare
953 1850 1088 1907 operam,
1112 1864 1144 1915 ¹5

191 1942 224 1991 ut
249 1934 503 1992 Lacedaemoniis
528 1952 596 1992 curn
621 1941 691 2009 rege
716 1943 903 2005 conveniret,
927 1942 959 1992 re
986 1944 1089 1993 autem

191 2042 262 2095 vera
292 2036 331 2094 ad
362 2036 468 2112 copias
498 2036 733 2112 comparandas,
765 2046 881 2112 easque
914 2037 1100 2113 impetravit.

156 2139 366 2197 ‹itrimestres
421 2139 537 2198 Iuravit
566 2148 669 2197 autem
698 2150 826 2215 uterque
856 2147 889 2198 se
919 2136 985 2198 sine
1015 2140 1089 2199 dole

152 2284 155 2292 .
190 2242 325 2300 indutias
349 2250 606 2301 canservatrirum.
658 2244 695 2299 In
719 2252 780 2318 qua
802 2242 946 2318 pactione
969 2252 1089 2301 summa

190 2345 250 2403 tide
266 2345 379 2403 mansit
390 2345 569 2422 Agesilau53
594 2354 702 2403 contra
718 2364 755 2403 ea
770 2345 996 2421 Tissaphernes
1012 2346 1088 2404 nihil
1110 2379 1144 2414 20

94 2432 95 2437 ἵ
156 2448 273 2505 5aliud
296 2466 386 2523 quam
409 2447 523 2506 bellum
546 2447 743 2524 comparavit.
793 2449 830 2506 Id
853 2457 911 2507 etsi
934 2449 1089 2507 sentiebat

191 2552 282 2622 Laco,
307 2559 410 2609 tamen
438 2550 647 2609 iusiurandum
674 2552 818 2610 servabat
842 2551 1032 2627 multumque
1056 2550 1088 2609 in

190 2661 227 2712 ee
243 2661 276 2711 se
291 2661 440 2729 consequi
461 2654 593 2724 dicebat,
611 2654 695 2728 quod
710 2654 935 2730 Tissaphernes
955 2654 1088 2731 periuria

190 2765 247 2815 sue
262 2767 293 2815 et
308 2757 449 2816 homines
472 2766 536 2815 suis
558 2757 650 2815 rebus
673 2757 862 2815 abalienaret
882 2766 913 2815 et
934 2758 1010 2816 deos
1028 2758 1089 2817 sibi

191 2868 285 2919 iratas
300 2858 450 2927 redderet,
468 2867 500 2917 se
523 2869 625 2917 autem
648 2867 830 2918 conservata
850 2860 998 2937 religiane
1018 2868 1089 2920 con·
1110 2893 1143 2944 25

189 2964 312 3022 firmare
325 2963 500 3034 exercitum,
515 2982 584 3021 cum
601 2962 858 3021 animadverteret
870 2964 961 3021 deum
975 2974 1088 3022 namen

189 3068 292 3125 iacere
308 3074 421 3139 secum,
439 3065 643 3141 hominesque
662 3065 721 3125 sibi
742 3065 898 3124 conciliari
917 3066 1086 3140 ammiates

231 3198 247 3248 6
273 3197 403 3263 facerent,
428 3200 643 3262 infirmia—13
672 3197 825 3261 offenderet,
847 3198 1091 3258 deprehenderet.-

191 3297 221 3343 24
239 3282 418 3346 abalifiniret,
432 3283 621 3329 inimicissimas
633 3282 751 3328 redderet.
