2492 3700
207 253 242 304 44
470 252 755 339 Ernmrupunns
790 267 812 318 3,
825 268 848 314 4.

210 419 240 478 in
271 429 376 497 primis
405 429 570 480 commissa
600 421 714 492 celans
746 420 830 497 quod
860 421 1014 480 interdum
1043 428 1109 481 nan
1174 437 1181 460 ·

210 523 310 581 minus
330 524 456 600 pradest
475 542 567 599 quam
586 523 700 582 diserta
719 522 830 596 dicere,
848 523 1005 582 studiasus
1024 523 1110 582 audi-

210 627 303 685 endi:
337 645 375 685 ex
403 627 462 685 hac
492 626 573 685 enim
604 625 751 685 facillima
783 626 861 685 disci
894 626 1108 686 arbitrabatur.

177 732 321 805 altaque
342 747 411 787 eum
432 729 463 788 in
484 729 630 788 circulum
644 728 782 788 venisset
804 729 835 786 in
860 736 921 804 qua
941 739 994 788 aut
1014 729 1054 788 de
1075 737 1111 788 re

211 832 334 909 publica
346 831 554 908 disputaretur
570 841 622 890 aut
638 832 677 891 de
692 831 890 909 philosophia
902 840 1002 892 senna
1016 833 1111 892 haba-
1151 852 1167 904 5

211 943 301 1008 retur,
315 954 482 1011 numquam
497 935 569 994 inde
584 935 670 1012 prius
684 934 828 995 discessit
839 954 932 1012 quam
954 937 994 994 ad
1013 937 1112 995 finem

177 1045 312 1098 ‹tserma
341 1048 424 1098 esset
453 1038 614 1098 adductus.
671 1039 888 1115 Paupertatem
914 1039 993 1099 adea
1017 1039 1111 1098 facile
1198 1048 1202 1053 “

211 1159 376 1219 perpessus
392 1149 440 1200 est
455 1150 489 1200 ut
502 1141 542 1200 da
557 1141 725 1219 republica
740 1141 816 1198 nihil
835 1150 958 1218 praeter
981 1141 1112 1219 glariam

212 1244 337 1322 ceperit.
386 1247 564 1304 Amicamm
588 1244 619 1302 in
645 1252 678 1304 se
702 1244 819 1304 tuenda
842 1245 941 1304 caruit
962 1245 1113 1304 facultati-

211 1349 279 1420 bus,
303 1349 363 1408 fide
391 1347 431 1406 ad
454 1347 531 1407 alias
554 1348 765 1408 sublevandas
787 1366 880 1424 saepe
902 1357 947 1406 sic
968 1358 1042 1407 usus
1063 1359 1114 1407 est
1135 1375 1168 1411 10

213 1461 247 1510 ut
262 1450 390 1511 iudicari
411 1451 510 1527 possit
532 1450 637 1510 omnia
659 1459 688 1509 ei
708 1468 778 1509 cum
799 1438 905 1510 amicis
919 1451 1016 1510 tuisse
1031 1469 1113 1511 corn-

180 1554 326 1614 amr‘mia.
378 1555 458 1613 Nam
480 1572 550 1613 cum
572 1563 625 1613 aut
646 1553 757 1613 civium
785 1562 910 1614 suarum
935 1553 1046 1631 aliquis
1072 1555 1113 1613 ab

214 1657 355 1718 hostibus
373 1667 456 1718 esset
474 1667 593 1734 captus
610 1665 664 1715 aut
678 1657 764 1734 virga
785 1665 874 1715 amici
893 1656 1016 1731 nubilis,
1033 1677 1115 1734 quae

214 1770 339 1838 propter
349 1770 562 1837 paupertatem
571 1761 728 1819 conlocari
739 1766 803 1820 nan
818 1769 933 1837 posset,
946 1768 1115 1821 amicarum

215 1865 377 1924 cansilium
399 1865 534 1923 habebat
556 1874 594 1936 et,
617 1875 766 1940 quantum
789 1864 920 1941 quisque
939 1865 1035 1934 daret,
1056 1873 1115 1941 pra
1136 1890 1168 1943 15

181 1978 199 2029 6
213 1968 413 2027 facultatibus
426 1967 605 2044 imperabat.
648 1970 785 2043 Eamque
801 1985 951 2025 summam
962 1985 1032 2026 eum
1043 1975 1116 2027 can·

214 2070 337 2142 facerat,
361 2069 537 2147 priusquam
564 2069 720 2145 acciperet
744 2070 915 2147 pecuniam,
940 2070 1116 2130 adducebat

216 2192 285 2233 eum
311 2183 363 2249 qui
386 2174 554 2249 quaerebat
580 2172 621 2231 ad
643 2180 698 2232 eas
724 2182 776 2250 qui
797 2174 1006 2247 canterabant,
1024 2182 1116 2249 eique

216 2285 250 2369 ut
265 2276 323 2353 ipsi
339 2285 542 2349 numerarent,
559 2276 703 2349 faciebat,
720 2285 753 2335 ut
770 2275 830 2348 ille,
847 2278 887 2335 ad
903 2296 994 2352 quem
1012 2296 1049 2336 ea
1065 2265 1116 2336 ras

215 2379 423 2457 perveniebat,
441 2388 532 2438 sciret
548 2388 697 2454 quantum
712 2379 824 2455 cuique
839 2379 974 2439 deberet.
1135 2406 1169 2441 20

179 2486 203 2545 4
257 2468 391 2543 Teniata
406 2490 509 2541 autem
524 2481 591 2541 eius
606 2491 654 2540 est
670 2481 860 2540 abstinentia
874 2491 892 2541 a
905 2482 1116 2542 Diomedonte

217 2586 390 2664 Cyzicena:
413 2602 546 2662 namque
567 2585 592 2643 is
612 2593 722 2661 rogata
738 2584 918 2643 Artaxerxis
938 2585 1018 2662 regis
1038 2587 1116 2663 Epa-

217 2690 393 2749 minandam
410 2687 541 2764 pecania
557 2687 814 2763 corrumpendum
830 2694 1017 2763 susceperat.
1052 2690 1116 2748 Hic

217 2799 329 2869 magna
344 2810 415 2849 cum
430 2791 567 2868 pondere
582 2799 648 2847 auri
660 2790 786 2849 Thebas
795 2789 879 2848 venit
894 2800 925 2848 et
941 2791 1116 2869 Micythum

218 2892 483 2954 adulescentulum
506 2902 642 2969 quinque
657 2892 782 2951 talentis
803 2892 843 2950 ad
863 2910 950 2951 suam
972 2894 1117 2969 perdr'nrit
1136 2921 1169 2971 25

217 2999 416 3069 voluntatem,
434 3014 525 3073 quem
545 3003 609 3054 tum
626 2994 858 3071 Epaminandas
873 2995 1035 3072 plurimum
1049 2997 1117 3056 dili-

259 3176 274 3226 3
291 3159 484 3223 arbitrabatur,
503 3155 686 3206 censebat-6
703 3156 839 3221 discessit,
857 3158 1007 3207 abiit—10
1027 3160 1118 3213 suble-

217 3245 329 3308 vandbs‚
349 3238 595 3291 adiuvandas-18
616 3237 799 3304 canferebant,
817 3240 1000 3289 dabant—26
1019 3242 1118 3307 diliga-

217 3328 275 3391 bat,
287 3326 396 3375 amabat.
