2492 3700
423 244 656 292 inermibus.
690 258 766 306 9,10.
1010 243 1044 294 39

105 416 122 464 5
139 411 270 471 tatiene.
317 411 378 470 Sed
393 410 519 470 videbat
538 411 569 469 id
588 411 656 470 sine
674 418 745 488 rege
762 413 855 470 Perse
870 418 933 470 nen
948 429 1041 487 posse

139 514 217 586 fiert,
244 514 376 588 ideeque
402 532 472 572 eum
498 523 630 572 amicum
656 513 715 572 sibi
741 513 888 589 cupiebat
915 513 1042 591 adiungi

140 635 243 692 neque
270 616 433 676 dubitebat
455 616 547 676 facile
571 624 604 675 se
628 624 872 689 censecritfirum,
898 617 1040 676 simodo

140 719 208 778 eius
217 719 424 779 conveniundi
434 720 594 778 habuisset
604 728 798 796 potestetem.
837 723 917 779 Nam
927 722 1041 799 cyrum

139 824 267 881 fretrem
282 831 311 881 ei
325 822 439 881 bellum
460 823 539 881 clam
560 832 669 899 parere
685 823 941 881 Lacedaemoniis
956 823 1040 881 adiu·
1076 838 1089 890 5

139 923 287 983 vantibus
303 926 440 984 sciebat:
463 926 496 984 id
518 934 544 984 si
567 925 747 1001 aperuisset,
764 934 908 1002 magnam
930 933 964 984 se
985 925 1039 984 ini-

139 1038 242 1087 turum
256 1028 385 1105 gratiam
400 1027 535 1088 videbat.

88 1126 138 1186 10
186 1133 257 1190 Hric
277 1150 347 1189 eum
367 1131 523 1191 meliretur
544 1141 724 1208 peteretque
742 1141 761 1190 e
782 1132 983 1190 Phamabaze
1007 1141 1039 1192 ut

140 1234 183 1292 ad
204 1241 307 1311 regem
330 1234 508 1306 mitteretur,
532 1234 642 1293 eedem
664 1244 802 1311 tempore
825 1234 938 1293 Crities
961 1242 1039 1294 cete-

140 1345 228 1412 rique
246 1347 369 1415 tyranni
388 1337 626 1396 Atheniensium
646 1345 747 1397 certes
767 1337 908 1396 homines
926 1339 967 1396 ad
982 1340 1038 1416 Ly·
1059 1362 1088 1395 10

140 1439 289 1498 sandrum
319 1439 484 1522 inAslam
513 1449 669 1512 miserant,
696 1449 749 1516 qui
778 1458 849 1498 eum
877 1441 1038 1500 certierem

139 1543 289 1615 iacerent,
315 1543 375 1602 nisi
400 1542 593 1602 Alcibiadem
620 1544 805 1614 sustulisset,
830 1542 907 1600 nihil
933 1553 1036 1602 cerum

138 1653 241 1703 rerum
259 1647 325 1704 fore
348 1656 447 1705 ratum
469 1655 546 1721 ques
567 1646 632 1722 ipse
652 1647 783 1705 Athenis
803 1646 1037 1706 censtituisset:

139 1756 244 1824 quere,
262 1758 289 1806 si
311 1758 383 1808 sues
406 1757 454 1807 res
476 1757 582 1826 gestes
605 1757 728 1807 manere
748 1749 849 1821 vellet,
866 1749 950 1813 illurn
973 1769 1038 1827 per-

101 1861 121 1911 2
138 1860 326 1927 sequeretur.
361 1854 420 1911 His
437 1854 520 1912 Lace
535 1854 627 1912 rebus
643 1861 814 1912 commetus
829 1853 937 1912 statuit
952 1864 1038 1913 accir-
1058 1875 1087 1926 15

138 1955 237 2015 retius
260 1955 321 2014 sibi
342 1956 495 2033 agendum
518 1976 587 2015 cum
609 1957 819 2016 Pharnabaze.
865 1957 949 2015 Huic
964 1964 1037 2034 erge

138 2058 296 2117 tenentiat
312 2078 390 2135 quae
408 2066 472 2135 regi
490 2078 559 2117 cum
576 2059 830 2118 Lacedaemoniis
846 2069 960 2131 essent,
977 2059 1037 2118 nisi

138 2160 335 2221 Alcibiadem
365 2172 466 2220 vivum
496 2170 549 2220 aut
578 2170 731 2220 mortuum
759 2162 819 2221 sibi
848 2163 1035 2222 tredidisset.

102 2270 121 2320 3
139 2268 212 2325 Nen
228 2264 298 2323 tulit
312 2266 394 2323 hunc
411 2272 549 2341 satrapes
566 2275 596 2323 et
611 2264 725 2323 violere
738 2265 932 2323 clementiam
945 2285 1037 2341 quam

137 2368 220 2446 regis
236 2374 311 2444 opes
328 2368 423 2425 minui
438 2367 553 2426 meluit.
601 2370 710 2442 Itaque
726 2368 808 2426 misit
826 2369 1037 2428 Susamithren
1056 2390 1087 2423 20

137 2480 169 2529 et
186 2473 342 2547 Bagaeum
360 2470 400 2528 ad
416 2469 610 2528 Alcibiadem
631 2469 885 2543 interficiendum,
902 2490 972 2530 cum
986 2472 1037 2530 ille

138 2583 222 2632 esset
253 2573 284 2630 in
316 2572 448 2651 Phrygia
479 2572 597 2648 iterque
631 2573 671 2631 ad
703 2580 806 2650 regem
836 2584 1035 2650 compararet.

103 2685 121 2733 4
139 2678 232 2735 Missi
254 2676 333 2733 clam
355 2674 508 2734 vicinitati
537 2676 567 2733 in
590 2684 652 2751 que
674 2686 739 2734 tum
761 2676 939 2735 Alcibiades
962 2687 1035 2749 erat,

138 2780 216 2838 dant
238 2779 395 2855 negetium
419 2787 452 2837 ut
475 2797 544 2836 eum
567 2778 762 2837 interficiant.
808 2780 857 2837 Illi
873 2799 942 2838 cum
956 2782 1037 2839 ferre

138 2882 266 2959 aggredi
282 2888 344 2940 nen
361 2881 518 2953 auderent,
536 2890 631 2939 nocte
649 2882 731 2957 ligna
746 2882 941 2940 contulerunt
956 2882 1036 2941 circa
1056 2901 1086 2952 ²5

171 3078 187 3124 4
207 3064 384 3128 potestatem,
406 3063 630 3111 accersitum-6
652 3064 813 3128 aperuisset,
831 3065 1037 3127 primisset.—

137 3145 153 3195 8
179 3146 329 3211 militetur,
348 3151 516 3207 compareret.
529 3174 563 3181 -
577 3160 605 3193 12
635 3146 803 3209 sustulisset,
823 3146 992 3210 interficisset.
1003 3174 1038 3181 -

140 3243 171 3293 13
188 3232 288 3293 ratum,
302 3234 468 3277 cinstdns.-
477 3242 508 3276 20
525 3228 633 3292 meluit,
647 3231 876 3290 anteposuit-24
888 3229 1036 3293 negetium,

139 3320 249 3375 operam.
