2492 3700
446 164 652 213 HANNIBAL.
691 178 728 213 11.
1003 163 1033 217 75

87 330 207 389 llTali
223 329 436 389 cohortetiene
459 330 588 389 militum
610 332 696 390 lacte
718 330 827 390 classis
843 332 883 390 ab
899 340 1036 407 utrisque

136 432 169 490 in
198 431 349 509 proelium
375 433 546 492 deducitur.
601 434 740 507 Quarum
767 432 832 492 acie
859 433 1034 505 constituta,

135 534 317 612 priusquam
347 544 468 612 signum
494 545 616 613 pugnae
644 536 777 609 daretur,
807 536 976 608 Hannibal,
1004 546 1037 594 ut

135 638 241 715 palam
258 631 456 698 faceret'suis
475 646 537 715 que
555 640 625 699 loce
646 640 800 698 Eumenes
826 648 918 711 esset,
942 639 1036 698 tabel-

101 752 120 801 2
137 741 248 800 larium
266 741 296 799 in
315 742 432 819 scapha
452 761 522 800 cum
543 742 680 802 33333εό
698 742 799 801 mittit.
845 742 908 815 Qui
925 741 978 800 ubi
997 741 1036 800 ad
1056 758 1069 810 5

136 850 235 902 naves
259 844 501 904 adverserierum
525 844 666 921 pervenit
689 845 914 922 epistulamque
937 854 1037 903 osten·

136 948 218 1005 dens
243 954 277 1005 se
302 954 406 1025 regem
432 948 591 1025 professus
615 957 664 1007 est
687 967 842 1025 quaerere,
868 947 971 1006 statim
997 947 1036 1006 ad

138 1052 310 1109 Eumenem
324 1050 476 1110 deductus
496 1060 553 1124 est,
570 1052 655 1127 quod
669 1058 761 1111 neme
776 1050 940 1109 dubitebat
962 1058 1035 1127 quin

137 1152 258 1228 aliquid
276 1153 315 1212 de
332 1162 410 1230 pace
428 1164 512 1213 esset
530 1163 687 1232 scriptum.
733 1154 935 1227 Tabellarius,
948 1153 1037 1213 <lucis

100 1358 265 1436 arecepit.
318 1362 360 1418 At
385 1361 539 1419 Eumenes
563 1360 663 1419 solute
687 1360 820 1437 epistula
844 1360 920 1419 nihil
944 1360 975 1418 in
1000 1369 1037 1420 ee

137 1461 276 1538 repperit
293 1461 353 1521 nisi
371 1481 451 1539 quae
469 1462 509 1521 ad
528 1462 725 1522 inridendum
746 1482 815 1522 eum
837 1463 1035 1540 pertinerent.

139 1564 238 1625 Cuius
258 1573 318 1624 etsi
337 1584 462 1625 causam
482 1567 652 1626 mirebetur
672 1585 773 1643 neque
793 1566 974 1644 reperiebat,
995 1576 1038 1626 ta-

138 1687 210 1726 men
240 1668 391 1745 proelium
423 1669 528 1728 statim
562 1670 752 1728 committere
782 1678 845 1729 nen
875 1668 1036 1729 dubitavit.

100 1782 121 1831 4
140 1773 264 1830 Herum
282 1770 315 1828 in
332 1781 484 1830 concursu
506 1772 641 1851 Bithynii
664 1772 852 1831 Hannibalis
872 1779 1038 1850 praecepte
1059 1788 1088 1841 15

138 1873 277 1933 universi
294 1883 405 1934 navem
425 1875 572 1934 Eumenis
590 1875 779 1935 adoriuntur.
824 1877 963 1950 Querum
978 1875 1037 1934 vim

138 1984 194 2036 rex
216 1995 286 2036 curn
308 1977 460 2037 sustinere
479 1985 540 2037 nen
562 1988 677 2056 posset,
694 1979 768 2055 luga
791 1979 920 2038 salutem
942 1978 1038 2054 petit3

140 2098 235 2156 quam
250 2086 437 2140 censecutus
453 2087 515 2139 nen
534 2091 625 2153 esset,
643 2079 703 2139 nisi
719 2081 798 2140 intre
814 2100 870 2140 sua
886 2080 1040 2157 praesidia

140 2189 175 2241 se
187 2182 366 2260 recepisset,
378 2202 457 2259 quae
469 2183 500 2241 in
513 2183 653 2260 proxime
668 2185 755 2243 litore
768 2194 855 2243 erant
867 2184 1038 2244 conlocata.

101 2301 121 2350 5
140 2285 295 2362 Reliquae
312 2288 517 2364 Pergamenae
534 2294 630 2346 neves
641 2307 710 2345 cum
723 2287 915 2346 adversaries
926 2306 1041 2364 preme·
1060 2304 1091 2338 20

140 2399 210 2448 rent
232 2389 343 2461 acrius,
360 2399 488 2466 repente
511 2389 543 2447 in
565 2398 618 2448 333
640 2397 715 2448 3333
738 2389 854 2461 fictilia,
872 2391 910 2448 de
929 2389 1041 2467 quibus

140 2499 236 2568 supra
248 2491 438 2551 mentienem
449 2491 588 2564 fecimus,
603 2492 702 2551 conici
715 2503 825 2573 coepta
838 2503 918 2552 sunt.
953 2492 1041 2566 Quae

140 2595 225 2653 iacta
251 2593 340 2654 initis
365 2603 459 2654 risum
485 2596 695 2673 pugnantibus
720 2595 915 2655 conciterunt
941 2615 1042 2672 neque

101 2704 238 2773 equare
259 2696 291 2756 id
311 2697 397 2756 fieret
418 2707 539 2774 poterat
560 2698 706 2775 intellegi.
753 2701 921 2775 Postquam
941 2709 1042 2758 autem

140 2807 239 2859 neves
254 2808 328 2860 3333
340 2801 481 2877 oppletes
497 2808 725 2877 censpexerunt
741 2802 947 2878 serpentibus,
962 2811 1041 2860 nove
1061 2817 1091 2868 25

139 2910 174 2962 re
199 2903 363 2980 perterriti,
391 2922 460 2962 cum
491 2903 566 2980 quid
596 2904 790 2980 potissimum
815 2913 948 2963 viterent
979 2911 1041 2962 nen

186 3069 217 3104 10
245 3055 391 3121 declareti,
420 3057 541 3104 indicata.
556 3085 589 3092 -
604 3071 635 3119 ¹9
666 3058 694 3106 se
726 3055 880 3121 recepisset,
913 3056 1027 3104 rediisset
1032 3071 1043 3113 ;

139 3140 220 3190 erant
249 3139 398 3204 3333133333,
422 3145 499 3187 erant
523 3141 656 3200 posita-
670 3153 697 3186 21
727 3141 845 3203 repente,
873 3140 1000 3187 333333.-
1013 3152 1044 3202 23

139 3222 321 3286 concitimnt,
338 3227 478 3270 mavirunt.
