2492 3700
451 217 666 264 PELOPIDAS.
705 231 724 273 1,
739 231 760 264 2.
1023 215 1055 267 53

153 383 415 459 Peloponnesium
446 383 560 441 bellum
587 384 789 459 Athenasque
818 385 956 444 devictas
984 403 1054 443 cum

152 486 314 545 Thebenis
339 473 409 545 sibi‘
422 505 486 544 rem
511 505 579 544 esse
604 486 824 546 existimabant
848 497 879 546 et
905 493 959 548 eos
985 505 1054 546 esse

117 597 135 646 4
153 589 239 648 seles
255 597 307 663 qui
323 588 470 648 adversus
486 589 631 648 resistere
651 590 809 648 auderent.
856 591 926 648 Haic
952 601 1054 650 mente

153 701 262 751 amicis
279 701 342 751 suis
358 701 494 751 summes
513 699 686 768 potestates
702 693 853 751 dederant
868 693 1054 769 alteriusque

152 795 300 855 factionis
316 796 471 873 principes
490 795 601 871 partim
622 795 849 867 interfecerant,
866 795 944 855 alios
959 795 991 853 in
1006 815 1055 854 ex·
1090 813 1103 864 5

154 898 258 956 silium
281 900 451 958 eiecerunt:
476 899 507 956 in
530 897 644 974 quibus
667 899 833 975 Pelopida'ts
855 899 914 971 hic,
931 899 969 958 de
993 907 1055 975 que

155 1003 290 1061 scribere
305 1010 406 1062 exorsi
422 1021 536 1075 sumus,
554 1004 661 1080 pulsus
677 1001 777 1079 patrie
793 1002 927 1061 carebat.

115 1097 139 1157 2
201 1107 245 1163 Hi
266 1114 373 1166 omnes
393 1107 457 1166 fere
473 1108 614 1168 Athenes
637 1115 671 1166 se
694 1105 898 1174 contulerant,
915 1113 977 1164 nen
992 1113 1054 1181 que

155 1219 357 1283 sequerentur
372 1209 477 1282 otium,
494 1212 549 1269 sed
565 1221 606 1283 ut,
624 1229 716 1288 quem
736 1229 774 1269 ex
793 1208 931 1285 proxime
953 1209 1054 1268 locum

154 1311 220 1369 fors
246 1312 416 1384 obtulisset,
444 1321 482 1374 ee
505 1314 636 1390 patriam
664 1324 845 1391 recuperare
874 1324 1053 1374 niterentur.
1074 1335 1105 1370 10

119 1418 137 1468 2
157 1417 268 1489 Itaque
286 1434 355 1473 cum
374 1427 495 1492 tempus
512 1427 596 1476 esset
612 1425 709 1476 visum
731 1427 774 1478 rei
794 1419 958 1496 gerendae,
975 1435 1055 1476 com-

155 1517 289 1576 muniter
307 1537 376 1576 cum
396 1519 433 1578 iis
456 1528 509 1596 qui
529 1520 646 1579 Thebis
667 1521 749 1579 idem
770 1521 955 1591 sentiebant,
972 1520 1054 1579 diem

156 1620 337 1696 delegerunt
363 1623 403 1680 ad
426 1621 566 1682 inimices
592 1623 813 1699 opprimendcis
837 1623 1054 1700 civitatemque

156 1722 349 1781 liberandam
364 1725 434 1783 eum
450 1733 511 1800 quo
527 1726 651 1784 maximi
667 1727 864 1803 magistratus
880 1726 969 1785 simul
985 1734 1055 1785 con-

119 1829 137 1879 3
156 1833 284 1885 suerunt
302 1827 427 1904 epuleri.
476 1829 608 1905 Megnae
625 1849 718 1906 saepe
734 1837 782 1889 res
799 1837 860 1889 nem
877 1828 919 1889 ita
935 1838 1055 1907 magnis
1076 1857 1104 1907 15

156 1929 256 2005 copiis
280 1940 351 1989 sunt
372 1940 487 2007 gestae,
506 1933 562 1991 sed
583 1934 725 2008 profecte
745 1951 912 2009 numquam
932 1942 994 1991 tam
1015 1934 1055 1991 ab

156 2042 243 2091 tenui
273 2032 361 2093 initio
390 2043 494 2093 tantae
524 2042 599 2110 opes
630 2045 702 2093 sunt
730 2036 920 2113 prefligetae.
974 2038 1054 2093 Nam

156 2136 322 2195 duodecim
345 2137 568 2196 adulescentuli
591 2139 729 2197 coierunt
751 2158 789 2197 ex
811 2139 848 2197 iis
872 2148 925 2214 qui
947 2138 1055 2197 exsilio

156 2248 245 2298 erant
275 2239 404 2311 multeti,
436 2258 505 2299 cum
536 2249 662 2300 omnine>
695 2249 758 2301 non
789 2251 895 2300 essent
924 2241 1055 2317 amplius

155 2352 292 2412 centum,
309 2352 361 2417 qui
381 2350 470 2401 tanto
489 2351 522 2402 se
543 2344 690 2403 offerrent
708 2345 853 2421 periculo.
899 2343 970 2417 Qui
985 2364 1056 2420 pau·
1075 2374 1106 2408 20

119 2452 137 2501 4
154 2445 249 2503 citete
265 2445 407 2521 perculsa
423 2456 470 2505 est
487 2447 802 2505 Lacedaemoniorum
818 2447 965 2523 potentia.
1013 2449 1056 2503 Hi

155 2548 240 2608 enim
259 2555 320 2606 non
341 2548 439 2625 magis
455 2549 699 2609 adversariorum
714 2550 844 2609 factioni
860 2568 951 2626 quam
969 2552 1055 2626 Spar-

154 2659 241 2709 tenis
263 2658 301 2709 ee
324 2660 462 2727 tempore
486 2652 600 2710 bellum
626 2651 802 2724 intulerunt,
824 2662 876 2728 qui
902 2652 1056 2728 principes

155 2764 245 2814 erant
274 2760 369 2813 tetius
399 2754 568 2813 Graeciae:
601 2763 730 2830 quorum
761 2756 869 2832 imperi
899 2755 1055 2827 maiestas,

155 2874 258 2931 neque
279 2856 322 2914 ita
341 2857 437 2915 multo
457 2867 538 2933 post,
561 2858 723 2916 Leuctrica
746 2867 849 2934 pugne
872 2860 911 2917 ab
934 2858 992 2916 hoc
1015 2858 1058 2915 in·
1076 2886 1107 2937 25

121 2964 137 3013 5
155 2958 217 3022 itio,
227 2959 369 3034 perculsa
384 2958 529 3017 concidit.
577 2960 627 3018 Illi
639 2959 731 3036 igitur
743 2960 915 3032 duodecim,
927 2967 1056 3035 querum

190 3133 203 3180 7
234 3120 323 3171 exerui
343 3133 448 3184 sumus,
469 3122 699 3181 incepimus-10
719 3121 873 3185 obtulisset,
894 3121 1037 3169 ostendisset
1044 3137 1055 3177 ,·

156 3204 318 3267 niterentur,
347 3208 590 3264 conchearum-17
621 3204 707 3267 tenui,
727 3203 900 3265 parua-18
924 3202 1054 3265 coierunt,

156 3290 334 3335 convenerunt.
