<?xml version="1.0" encoding="UTF-8"?>
<!DOCTYPE html PUBLIC "-//W3C//DTD XHTML 1.0 Transitional//EN"
    "http://www.w3.org/TR/xhtml1/DTD/xhtml1-transitional.dtd">
<html xmlns="http://www.w3.org/1999/xhtml" xml:lang="en" lang="en">
 <head>
  <title>
</title>
<meta http-equiv="Content-Type" content="text/html;charset=utf-8" />
  <meta name='ocr-system' content='tesseract 3.04.00' />
  <meta name='ocr-capabilities' content='ocr_page ocr_carea ocr_par ocr_line ocrx_word'/>
</head>
<body>
  <div class='ocr_page' id='page_1' title='image "./selectedlivesfr03nepogoog_0035.png"; bbox 0 0 2492 3700; ppageno 0'>
   <div class='ocr_carea' id='block_1_1' title="bbox 418 800 804 884">
    <p class='ocr_par' dir='ltr' id='par_1_1' title="bbox 418 800 804 884">
     <span class='ocr_line' id='line_1_1' title="bbox 418 800 804 884; baseline 0 -5"><span class='ocrx_word' id='word_1_1' title='bbox 418 800 804 884; x_wconf 79' lang='lat' dir='ltr'><strong>THEMlSlOCLES.</strong></span> 
     </span>
    </p>
   </div>
   <div class='ocr_carea' id='block_1_2' title="bbox 120 1029 1133 3063">
    <p class='ocr_par' dir='ltr' id='par_1_2' title="bbox 120 1029 1133 1314">
     <span class='ocr_line' id='line_1_2' title="bbox 120 1029 1060 1102; baseline 0.001 -14"><span class='ocrx_word' id='word_1_2' title='bbox 120 1041 144 1098; x_wconf 88' lang='lat'>1</span> <span class='ocrx_word' id='word_1_3' title='bbox 205 1033 464 1102; x_wconf 70' lang='lat' dir='ltr'><strong>Turursrocrrs‚</strong></span> <span class='ocrx_word' id='word_1_4' title='bbox 483 1031 594 1089; x_wconf 88' lang='lat' dir='ltr'><strong>Neocli</strong></span> <span class='ocrx_word' id='word_1_5' title='bbox 608 1030 701 1102; x_wconf 84' lang='lat' dir='ltr'><strong>filius,</strong></span> <span class='ocrx_word' id='word_1_6' title='bbox 718 1029 927 1089; x_wconf 75' lang='lat' dir='ltr'><strong>Atheniensis,</strong></span> <span class='ocrx_word' id='word_1_7' title='bbox 957 1030 1060 1090; x_wconf 80' lang='lat' dir='ltr'><strong>Haius</strong></span> 
     </span>
     <span class='ocr_line' id='line_1_3' title="bbox 161 1120 1061 1210; baseline 0 -18"><span class='ocrx_word' id='word_1_8' title='bbox 161 1133 238 1192; x_wconf 85' lang='lat' dir='ltr'><strong>vitia</strong></span> <span class='ocrx_word' id='word_1_9' title='bbox 253 1120 387 1192; x_wconf 87' lang='lat' dir='ltr'><strong>ineuntis</strong></span> <span class='ocrx_word' id='word_1_10' title='bbox 407 1133 637 1193; x_wconf 60' lang='lat' dir='ltr'><strong>adulescentiae</strong></span> <span class='ocrx_word' id='word_1_11' title='bbox 660 1142 779 1210; x_wconf 84' lang='lat' dir='ltr'><strong>magnis</strong></span> <span class='ocrx_word' id='word_1_12' title='bbox 802 1143 874 1192; x_wconf 92' lang='lat' dir='ltr'><strong>sunt</strong></span> <span class='ocrx_word' id='word_1_13' title='bbox 896 1134 1061 1193; x_wconf 89' lang='lat' dir='ltr'><strong>emendata</strong></span> 
     </span>
     <span class='ocr_line' id='line_1_4' title="bbox 161 1236 1133 1314; baseline -0.001 -18"><span class='ocrx_word' id='word_1_14' title='bbox 161 1236 336 1310; x_wconf 82' lang='lat' dir='ltr'><strong>virtutibus,</strong></span> <span class='ocrx_word' id='word_1_15' title='bbox 360 1238 440 1298; x_wconf 78' lang='lat' dir='ltr'><strong>adea</strong></span> <span class='ocrx_word' id='word_1_16' title='bbox 466 1246 499 1295; x_wconf 94' lang='lat' dir='ltr'><strong>ut</strong></span> <span class='ocrx_word' id='word_1_17' title='bbox 528 1237 718 1295; x_wconf 79' lang='lat' dir='ltr'><strong>anteferatur</strong></span> <span class='ocrx_word' id='word_1_18' title='bbox 745 1236 817 1295; x_wconf 94' lang='lat' dir='ltr'><strong>huic</strong></span> <span class='ocrx_word' id='word_1_19' title='bbox 847 1244 946 1309; x_wconf 78' lang='lat' dir='ltr'><strong>neme,</strong></span> <span class='ocrx_word' id='word_1_20' title='bbox 970 1247 1061 1314; x_wconf 86' lang='lat' dir='ltr'><strong>pauci</strong></span> <span class='ocrx_word' id='word_1_21' title='bbox 1131 1308 1133 1311; x_wconf 22' lang='grc' dir='ltr'>Ι</span> 
     </span>
    </p>

    <p class='ocr_par' dir='ltr' id='par_1_3' title="bbox 125 1337 1112 1828">
     <span class='ocr_line' id='line_1_5' title="bbox 125 1337 1062 1417; baseline -0.002 -17"><span class='ocrx_word' id='word_1_22' title='bbox 125 1351 143 1400; x_wconf 83' lang='grc'><strong>2</strong></span> <span class='ocrx_word' id='word_1_23' title='bbox 162 1347 254 1417; x_wconf 86' lang='lat' dir='ltr'><strong>pares</strong></span> <span class='ocrx_word' id='word_1_24' title='bbox 269 1348 423 1415; x_wconf 89' lang='lat' dir='ltr'><strong>putentur.</strong></span> <span class='ocrx_word' id='word_1_25' title='bbox 453 1340 515 1399; x_wconf 89' lang='lat' dir='ltr'><strong>Sed</strong></span> <span class='ocrx_word' id='word_1_26' title='bbox 531 1341 570 1398; x_wconf 90' lang='lat' dir='ltr'><strong>ab</strong></span> <span class='ocrx_word' id='word_1_27' title='bbox 585 1337 674 1398; x_wconf 78' lang='lat' dir='ltr'><strong>initia</strong></span> <span class='ocrx_word' id='word_1_28' title='bbox 689 1347 738 1398; x_wconf 89' lang='lat' dir='ltr'><strong>est</strong></span> <span class='ocrx_word' id='word_1_29' title='bbox 753 1339 944 1399; x_wconf 79' lang='lat' dir='ltr'><strong>ardlendum.</strong></span> <span class='ocrx_word' id='word_1_30' title='bbox 971 1343 1062 1399; x_wconf 88' lang='lat' dir='ltr'><strong>Pater</strong></span> 
     </span>
     <span class='ocr_line' id='line_1_6' title="bbox 163 1442 1112 1521; baseline 0.001 -19"><span class='ocrx_word' id='word_1_31' title='bbox 163 1444 231 1502; x_wconf 87' lang='lat' dir='ltr'><strong>eius</strong></span> <span class='ocrx_word' id='word_1_32' title='bbox 247 1443 380 1502; x_wconf 90' lang='lat' dir='ltr'><strong>Neocles</strong></span> <span class='ocrx_word' id='word_1_33' title='bbox 395 1451 564 1521; x_wconf 77' lang='lat' dir='ltr'><strong>generastis</strong></span> <span class='ocrx_word' id='word_1_34' title='bbox 579 1442 646 1502; x_wconf 81' lang='lat' dir='ltr'><strong>tuit.</strong></span> <span class='ocrx_word' id='word_1_35' title='bbox 675 1445 708 1501; x_wconf 90' lang='lat' dir='ltr'><strong>Is</strong></span> <span class='ocrx_word' id='word_1_36' title='bbox 723 1450 848 1502; x_wconf 79' lang='lat' dir='ltr'><strong>uxerem</strong></span> <span class='ocrx_word' id='word_1_37' title='bbox 865 1446 1061 1503; x_wconf 87' lang='lat' dir='ltr'><strong>Acarnanam</strong></span> <span class='ocrx_word' id='word_1_38' title='bbox 1100 1467 1112 1518; x_wconf 85' lang='lat'><strong>5</strong></span> 
     </span>
     <span class='ocr_line' id='line_1_7' title="bbox 163 1545 1063 1622; baseline 0 -18"><span class='ocrx_word' id='word_1_39' title='bbox 163 1555 263 1604; x_wconf 86' lang='lat' dir='ltr'><strong>civem</strong></span> <span class='ocrx_word' id='word_1_40' title='bbox 285 1545 379 1618; x_wconf 67' lang='lat' dir='ltr'><strong>demit,</strong></span> <span class='ocrx_word' id='word_1_41' title='bbox 396 1565 434 1604; x_wconf 87' lang='lat' dir='ltr'><strong>ex</strong></span> <span class='ocrx_word' id='word_1_42' title='bbox 457 1554 518 1622; x_wconf 91' lang='lat' dir='ltr'><strong>qua</strong></span> <span class='ocrx_word' id='word_1_43' title='bbox 541 1554 632 1604; x_wconf 90' lang='lat' dir='ltr'><strong>natus</strong></span> <span class='ocrx_word' id='word_1_44' title='bbox 652 1555 701 1604; x_wconf 90' lang='lat' dir='ltr'><strong>est</strong></span> <span class='ocrx_word' id='word_1_45' title='bbox 720 1546 954 1606; x_wconf 87' lang='lat' dir='ltr'><strong>Themistocles.</strong></span> <span class='ocrx_word' id='word_1_46' title='bbox 1000 1547 1063 1620; x_wconf 87' lang='lat' dir='ltr'><strong>Qui</strong></span> 
     </span>
     <span class='ocr_line' id='line_1_8' title="bbox 164 1648 1063 1726; baseline 0 -18"><span class='ocrx_word' id='word_1_47' title='bbox 164 1668 236 1708; x_wconf 91' lang='lat' dir='ltr'><strong>cum</strong></span> <span class='ocrx_word' id='word_1_48' title='bbox 251 1649 351 1707; x_wconf 90' lang='lat' dir='ltr'><strong>minus</strong></span> <span class='ocrx_word' id='word_1_49' title='bbox 367 1659 451 1708; x_wconf 90' lang='lat' dir='ltr'><strong>esset</strong></span> <span class='ocrx_word' id='word_1_50' title='bbox 468 1649 617 1725; x_wconf 90' lang='lat' dir='ltr'><strong>probatus</strong></span> <span class='ocrx_word' id='word_1_51' title='bbox 638 1648 828 1724; x_wconf 89' lang='lat' dir='ltr'><strong>parentibus,</strong></span> <span class='ocrx_word' id='word_1_52' title='bbox 846 1651 930 1726; x_wconf 91' lang='lat' dir='ltr'><strong>quod</strong></span> <span class='ocrx_word' id='word_1_53' title='bbox 944 1659 976 1708; x_wconf 89' lang='lat' dir='ltr'><strong>et</strong></span> <span class='ocrx_word' id='word_1_54' title='bbox 991 1650 1063 1708; x_wconf 84' lang='lat' dir='ltr'><strong>libe·</strong></span> 
     </span>
     <span class='ocr_line' id='line_1_9' title="bbox 164 1750 1063 1828; baseline 0 -19"><span class='ocrx_word' id='word_1_55' title='bbox 164 1753 228 1810; x_wconf 89' lang='lat' dir='ltr'><strong>rius</strong></span> <span class='ocrx_word' id='word_1_56' title='bbox 248 1753 370 1812; x_wconf 84' lang='lat' dir='ltr'><strong>vivebat</strong></span> <span class='ocrx_word' id='word_1_57' title='bbox 390 1761 421 1810; x_wconf 89' lang='lat' dir='ltr'><strong>et</strong></span> <span class='ocrx_word' id='word_1_58' title='bbox 441 1770 505 1810; x_wconf 91' lang='lat' dir='ltr'><strong>rem</strong></span> <span class='ocrx_word' id='word_1_59' title='bbox 526 1750 709 1810; x_wconf 83' lang='lat' dir='ltr'><strong>familiarem</strong></span> <span class='ocrx_word' id='word_1_60' title='bbox 733 1752 925 1828; x_wconf 86' lang='lat' dir='ltr'><strong>neglegebat,</strong></span> <span class='ocrx_word' id='word_1_61' title='bbox 942 1761 960 1810; x_wconf 89' lang='lat' dir='ltr'><strong>a</strong></span> <span class='ocrx_word' id='word_1_62' title='bbox 975 1761 1063 1828; x_wconf 88' lang='lat' dir='ltr'><strong>patre</strong></span> 
     </span>
    </p>

    <p class='ocr_par' dir='ltr' id='par_1_4' title="bbox 127 1856 1115 2552">
     <span class='ocr_line' id='line_1_10' title="bbox 127 1856 1062 1933; baseline -0.002 -18"><span class='ocrx_word' id='word_1_63' title='bbox 127 1866 145 1915; x_wconf 85' lang='grc'>3</span> <span class='ocrx_word' id='word_1_64' title='bbox 164 1857 370 1915; x_wconf 85' lang='lat' dir='ltr'><strong>exheredatus</strong></span> <span class='ocrx_word' id='word_1_65' title='bbox 392 1865 449 1916; x_wconf 89' lang='lat' dir='ltr'><strong>est.</strong></span> <span class='ocrx_word' id='word_1_66' title='bbox 494 1856 583 1929; x_wconf 88' lang='lat' dir='ltr'><strong>Quae</strong></span> <span class='ocrx_word' id='word_1_67' title='bbox 599 1856 785 1914; x_wconf 86' lang='lat' dir='ltr'><strong>contumelia</strong></span> <span class='ocrx_word' id='word_1_68' title='bbox 800 1863 863 1915; x_wconf 82' lang='lat' dir='ltr'><strong>nan</strong></span> <span class='ocrx_word' id='word_1_69' title='bbox 878 1856 968 1933; x_wconf 79' lang='lat' dir='ltr'><strong>fregit</strong></span> <span class='ocrx_word' id='word_1_70' title='bbox 983 1875 1062 1927; x_wconf 83' lang='lat' dir='ltr'><strong>eum,</strong></span> 
     </span>
     <span class='ocr_line' id='line_1_11' title="bbox 164 1958 1114 2033; baseline 0 -14"><span class='ocrx_word' id='word_1_71' title='bbox 164 1960 223 2019; x_wconf 89' lang='lat' dir='ltr'><strong>sed</strong></span> <span class='ocrx_word' id='word_1_72' title='bbox 256 1959 359 2019; x_wconf 85' lang='lat' dir='ltr'><strong>erexit.</strong></span> <span class='ocrx_word' id='word_1_73' title='bbox 411 1962 492 2018; x_wconf 90' lang='lat' dir='ltr'><strong>Nam</strong></span> <span class='ocrx_word' id='word_1_74' title='bbox 530 1977 599 2017; x_wconf 92' lang='lat' dir='ltr'><strong>cum</strong></span> <span class='ocrx_word' id='word_1_75' title='bbox 637 1958 806 2017; x_wconf 69' lang='lat' dir='ltr'><strong>indicasset</strong></span> <span class='ocrx_word' id='word_1_76' title='bbox 842 1959 908 2018; x_wconf 89' lang='lat' dir='ltr'><strong>sine</strong></span> <span class='ocrx_word' id='word_1_77' title='bbox 945 1968 1064 2033; x_wconf 85' lang='lat' dir='ltr'><strong>summa</strong></span> <span class='ocrx_word' id='word_1_78' title='bbox 1084 1986 1114 2020; x_wconf 93' lang='lat'><strong>10</strong></span> 
     </span>
     <span class='ocr_line' id='line_1_12' title="bbox 165 2061 1064 2139; baseline -0.001 -18"><span class='ocrx_word' id='word_1_79' title='bbox 165 2063 318 2122; x_wconf 87' lang='lat' dir='ltr'><strong>industria</strong></span> <span class='ocrx_word' id='word_1_80' title='bbox 334 2070 396 2121; x_wconf 76' lang='lat' dir='ltr'><strong>nan</strong></span> <span class='ocrx_word' id='word_1_81' title='bbox 413 2081 505 2139; x_wconf 93' lang='lat' dir='ltr'><strong>posse</strong></span> <span class='ocrx_word' id='word_1_82' title='bbox 522 2080 590 2120; x_wconf 85' lang='lat' dir='ltr'><strong>eam</strong></span> <span class='ocrx_word' id='word_1_83' title='bbox 606 2061 768 2138; x_wconf 86' lang='lat' dir='ltr'><strong>exstingui,</strong></span> <span class='ocrx_word' id='word_1_84' title='bbox 782 2069 880 2120; x_wconf 80' lang='lat' dir='ltr'><strong>tatum</strong></span> <span class='ocrx_word' id='word_1_85' title='bbox 897 2062 1064 2122; x_wconf 90' lang='lat' dir='ltr'><strong>se·dedidit</strong></span> 
     </span>
     <span class='ocr_line' id='line_1_13' title="bbox 163 2164 1062 2242; baseline 0.001 -19"><span class='ocrx_word' id='word_1_86' title='bbox 163 2176 210 2226; x_wconf 87' lang='lat' dir='ltr'><strong>rei</strong></span> <span class='ocrx_word' id='word_1_87' title='bbox 232 2165 382 2242; x_wconf 82' lang='lat' dir='ltr'><strong>publicae,</strong></span> <span class='ocrx_word' id='word_1_88' title='bbox 401 2165 579 2241; x_wconf 89' lang='lat' dir='ltr'><strong>diligentius</strong></span> <span class='ocrx_word' id='word_1_89' title='bbox 603 2174 710 2223; x_wconf 86' lang='lat' dir='ltr'><strong>amicis</strong></span> <span class='ocrx_word' id='word_1_90' title='bbox 733 2165 895 2240; x_wconf 79' lang='lat' dir='ltr'><strong>famaeque</strong></span> <span class='ocrx_word' id='word_1_91' title='bbox 916 2164 1062 2224; x_wconf 87' lang='lat' dir='ltr'><strong>serviens.</strong></span> 
     </span>
     <span class='ocr_line' id='line_1_14' title="bbox 166 2268 1065 2343; baseline -0.002 -16"><span class='ocrx_word' id='word_1_92' title='bbox 166 2270 302 2328; x_wconf 91' lang='lat' dir='ltr'><strong>Multum</strong></span> <span class='ocrx_word' id='word_1_93' title='bbox 315 2268 345 2326; x_wconf 91' lang='lat' dir='ltr'><strong>in</strong></span> <span class='ocrx_word' id='word_1_94' title='bbox 358 2268 480 2327; x_wconf 73' lang='lat' dir='ltr'><strong>indiciis</strong></span> <span class='ocrx_word' id='word_1_95' title='bbox 496 2276 624 2343; x_wconf 86' lang='lat' dir='ltr'><strong>privatis</strong></span> <span class='ocrx_word' id='word_1_96' title='bbox 640 2268 828 2339; x_wconf 74' lang='lat' dir='ltr'><strong>versabatur,</strong></span> <span class='ocrx_word' id='word_1_97' title='bbox 839 2287 932 2343; x_wconf 90' lang='lat' dir='ltr'><strong>saepe</strong></span> <span class='ocrx_word' id='word_1_98' title='bbox 948 2268 979 2325; x_wconf 90' lang='lat' dir='ltr'><strong>in</strong></span> <span class='ocrx_word' id='word_1_99' title='bbox 995 2275 1065 2327; x_wconf 82' lang='lat' dir='ltr'><strong>cen-</strong></span> 
     </span>
     <span class='ocr_line' id='line_1_15' title="bbox 164 2370 1065 2447; baseline -0.001 -17"><span class='ocrx_word' id='word_1_100' title='bbox 164 2372 284 2431; x_wconf 81' lang='lat' dir='ltr'><strong>tiauem</strong></span> <span class='ocrx_word' id='word_1_101' title='bbox 307 2372 413 2447; x_wconf 89' lang='lat' dir='ltr'><strong>populi</strong></span> <span class='ocrx_word' id='word_1_102' title='bbox 436 2371 598 2446; x_wconf 79' lang='lat' dir='ltr'><strong>predibat3</strong></span> <span class='ocrx_word' id='word_1_103' title='bbox 628 2370 711 2428; x_wconf 80' lang='lat' dir='ltr'><strong>nalla</strong></span> <span class='ocrx_word' id='word_1_104' title='bbox 737 2377 785 2428; x_wconf 88' lang='lat' dir='ltr'><strong>res</strong></span> <span class='ocrx_word' id='word_1_105' title='bbox 811 2370 909 2429; x_wconf 88' lang='lat' dir='ltr'><strong>maior</strong></span> <span class='ocrx_word' id='word_1_106' title='bbox 934 2370 1001 2429; x_wconf 89' lang='lat' dir='ltr'><strong>sine</strong></span> <span class='ocrx_word' id='word_1_107' title='bbox 1027 2378 1065 2429; x_wconf 77' lang='lat' dir='ltr'><strong>ea</strong></span> 
     </span>
     <span class='ocr_line' id='line_1_16' title="bbox 164 2473 1115 2552; baseline -0.001 -19"><span class='ocrx_word' id='word_1_108' title='bbox 164 2475 339 2552; x_wconf 78' lang='lat' dir='ltr'><strong>gerebatur,</strong></span> <span class='ocrx_word' id='word_1_109' title='bbox 350 2473 489 2532; x_wconf 88' lang='lat' dir='ltr'><strong>celeriter</strong></span> <span class='ocrx_word' id='word_1_110' title='bbox 502 2492 580 2549; x_wconf 84' lang='lat' dir='ltr'><strong>quae</strong></span> <span class='ocrx_word' id='word_1_111' title='bbox 593 2492 671 2549; x_wconf 92' lang='lat' dir='ltr'><strong>opus</strong></span> <span class='ocrx_word' id='word_1_112' title='bbox 684 2482 770 2531; x_wconf 90' lang='lat' dir='ltr'><strong>erant</strong></span> <span class='ocrx_word' id='word_1_113' title='bbox 782 2473 963 2548; x_wconf 79' lang='lat' dir='ltr'><strong>reperiebat,</strong></span> <span class='ocrx_word' id='word_1_114' title='bbox 974 2473 1065 2531; x_wconf 79' lang='lat' dir='ltr'><strong>facile</strong></span> <span class='ocrx_word' id='word_1_115' title='bbox 1086 2498 1115 2549; x_wconf 79' lang='lat'><strong>15</strong></span> 
     </span>
    </p>

    <p class='ocr_par' dir='ltr' id='par_1_5' title="bbox 130 2575 1117 3063">
     <span class='ocr_line' id='line_1_17' title="bbox 130 2575 1065 2651; baseline 0 -16"><span class='ocrx_word' id='word_1_116' title='bbox 130 2588 148 2635; x_wconf 89' lang='grc'>4</span> <span class='ocrx_word' id='word_1_117' title='bbox 166 2577 277 2636; x_wconf 88' lang='lat' dir='ltr'><strong>eadem</strong></span> <span class='ocrx_word' id='word_1_118' title='bbox 293 2576 432 2636; x_wconf 81' lang='lat' dir='ltr'><strong>aratiene</strong></span> <span class='ocrx_word' id='word_1_119' title='bbox 449 2575 632 2651; x_wconf 88' lang='lat' dir='ltr'><strong>explicabat.</strong></span> <span class='ocrx_word' id='word_1_120' title='bbox 678 2577 788 2651; x_wconf 91' lang='lat' dir='ltr'><strong>Neque</strong></span> <span class='ocrx_word' id='word_1_121' title='bbox 811 2576 912 2635; x_wconf 89' lang='lat' dir='ltr'><strong>minus</strong></span> <span class='ocrx_word' id='word_1_122' title='bbox 927 2576 958 2634; x_wconf 92' lang='lat' dir='ltr'><strong>in</strong></span> <span class='ocrx_word' id='word_1_123' title='bbox 973 2578 1065 2635; x_wconf 92' lang='lat' dir='ltr'><strong>rebus</strong></span> 
     </span>
     <span class='ocr_line' id='line_1_18' title="bbox 165 2678 1067 2758; baseline 0 -19"><span class='ocrx_word' id='word_1_124' title='bbox 165 2681 311 2758; x_wconf 87' lang='lat' dir='ltr'><strong>gerendis</strong></span> <span class='ocrx_word' id='word_1_125' title='bbox 333 2687 493 2755; x_wconf 80' lang='lat' dir='ltr'><strong>pramptus</strong></span> <span class='ocrx_word' id='word_1_126' title='bbox 510 2698 602 2754; x_wconf 91' lang='lat' dir='ltr'><strong>quam</strong></span> <span class='ocrx_word' id='word_1_127' title='bbox 618 2678 830 2755; x_wconf 82' lang='lat' dir='ltr'><strong>excegitandis</strong></span> <span class='ocrx_word' id='word_1_128' title='bbox 846 2689 919 2753; x_wconf 89' lang='lat' dir='ltr'><strong>erat,</strong></span> <span class='ocrx_word' id='word_1_129' title='bbox 938 2681 1021 2756; x_wconf 93' lang='lat' dir='ltr'><strong>quod</strong></span> <span class='ocrx_word' id='word_1_130' title='bbox 1036 2690 1067 2739; x_wconf 90' lang='lat' dir='ltr'><strong>et</strong></span> 
     </span>
     <span class='ocr_line' id='line_1_19' title="bbox 166 2782 1067 2860; baseline -0.004 -17"><span class='ocrx_word' id='word_1_131' title='bbox 166 2785 206 2843; x_wconf 91' lang='lat' dir='ltr'><strong>de</strong></span> <span class='ocrx_word' id='word_1_132' title='bbox 230 2783 426 2855; x_wconf 84' lang='lat' dir='ltr'><strong>instantibus,</strong></span> <span class='ocrx_word' id='word_1_133' title='bbox 450 2792 484 2840; x_wconf 94' lang='lat' dir='ltr'><strong>ut</strong></span> <span class='ocrx_word' id='word_1_134' title='bbox 509 2782 553 2840; x_wconf 91' lang='lat' dir='ltr'><strong>ait</strong></span> <span class='ocrx_word' id='word_1_135' title='bbox 576 2782 785 2860; x_wconf 68' lang='lat' dir='ltr'><strong>Thucydides</strong></span> <span class='ocrx_word' id='word_1_136' title='bbox 809 2782 967 2842; x_wconf 89' lang='lat' dir='ltr'><strong>verissime</strong></span> <span class='ocrx_word' id='word_1_137' title='bbox 993 2783 1067 2842; x_wconf 83' lang='lat' dir='ltr'><strong>iudi-</strong></span> 
     </span>
     <span class='ocr_line' id='line_1_20' title="bbox 166 2884 1068 2959; baseline 0.001 -14"><span class='ocrx_word' id='word_1_138' title='bbox 166 2888 261 2945; x_wconf 89' lang='lat' dir='ltr'><strong>cabat</strong></span> <span class='ocrx_word' id='word_1_139' title='bbox 283 2895 314 2944; x_wconf 92' lang='lat' dir='ltr'><strong>et</strong></span> <span class='ocrx_word' id='word_1_140' title='bbox 336 2886 375 2944; x_wconf 89' lang='lat' dir='ltr'><strong>de</strong></span> <span class='ocrx_word' id='word_1_141' title='bbox 396 2886 506 2944; x_wconf 81' lang='lat' dir='ltr'><strong>futuris</strong></span> <span class='ocrx_word' id='word_1_142' title='bbox 540 2884 739 2943; x_wconf 89' lang='lat' dir='ltr'><strong>callidissime</strong></span> <span class='ocrx_word' id='word_1_143' title='bbox 768 2885 950 2945; x_wconf 88' lang='lat' dir='ltr'><strong>coniciebat.</strong></span> <span class='ocrx_word' id='word_1_144' title='bbox 996 2886 1068 2959; x_wconf 82' lang='lat' dir='ltr'><strong>Qua</strong></span> 
     </span>
     <span class='ocr_line' id='line_1_21' title="bbox 165 2986 1117 3063; baseline 0.003 -16"><span class='ocrx_word' id='word_1_145' title='bbox 165 2990 286 3048; x_wconf 76' lang='lat' dir='ltr'><strong>factum</strong></span> <span class='ocrx_word' id='word_1_146' title='bbox 301 2997 349 3047; x_wconf 90' lang='lat' dir='ltr'><strong>est</strong></span> <span class='ocrx_word' id='word_1_147' title='bbox 364 2997 397 3047; x_wconf 92' lang='lat' dir='ltr'><strong>ut</strong></span> <span class='ocrx_word' id='word_1_148' title='bbox 412 2989 498 3046; x_wconf 88' lang='lat' dir='ltr'><strong>brevi</strong></span> <span class='ocrx_word' id='word_1_149' title='bbox 513 2997 652 3063; x_wconf 90' lang='lat' dir='ltr'><strong>ternpore</strong></span> <span class='ocrx_word' id='word_1_150' title='bbox 667 2986 889 3047; x_wconf 78' lang='lat' dir='ltr'><strong>inlastraretur.</strong></span> <span class='ocrx_word' id='word_1_151' title='bbox 1087 3018 1117 3051; x_wconf 83' lang='lat'><strong>20</strong></span> 
     </span>
    </p>
   </div>
   <div class='ocr_carea' id='block_1_3' title="bbox 167 3161 1069 3389">
    <p class='ocr_par' dir='ltr' id='par_1_6' title="bbox 167 3161 1069 3389">
     <span class='ocr_line' id='line_1_22' title="bbox 211 3161 1069 3225; baseline -0.001 -16"><span class='ocrx_word' id='word_1_152' title='bbox 211 3176 224 3209; x_wconf 90' lang='lat'><strong>2</strong></span> <span class='ocrx_word' id='word_1_153' title='bbox 249 3162 403 3225; x_wconf 63' lang='lat' dir='ltr'><strong>emendata,</strong></span> <span class='ocrx_word' id='word_1_154' title='bbox 428 3165 611 3219; x_wconf 66' lang='lat' dir='ltr'><strong>correcta—4</strong></span> <span class='ocrx_word' id='word_1_155' title='bbox 635 3161 775 3223; x_wconf 78' lang='lat' dir='ltr'><strong>putentur,</strong></span> <span class='ocrx_word' id='word_1_156' title='bbox 800 3163 979 3209; x_wconf 73' lang='lat' dir='ltr'><strong>existimentur</strong></span> <span class='ocrx_word' id='word_1_157' title='bbox 986 3178 997 3219; x_wconf 87' lang='lat'><em>;</em></span> <span class='ocrx_word' id='word_1_158' title='bbox 1027 3164 1069 3213; x_wconf 78' lang='lat' dir='ltr'><strong>est</strong></span> 
     </span>
     <span class='ocr_line' id='line_1_23' title="bbox 167 3242 1069 3308; baseline -0.003 -13"><span class='ocrx_word' id='word_1_159' title='bbox 167 3244 336 3308; x_wconf 74' lang='grc' dir='ltr'><strong>δῐᾶὶοηᾱιιηι,</strong></span> <span class='ocrx_word' id='word_1_160' title='bbox 364 3250 400 3291; x_wconf 85' lang='lat' dir='ltr'><strong>est</strong></span> <span class='ocrx_word' id='word_1_161' title='bbox 424 3242 651 3304; x_wconf 76' lang='lat' dir='ltr'><strong>incipiendum.—</strong></span> <span class='ocrx_word' id='word_1_162' title='bbox 662 3255 675 3306; x_wconf 79' lang='grc'><em>5</em></span> <span class='ocrx_word' id='word_1_163' title='bbox 702 3244 821 3307; x_wconf 65' lang='lat' dir='ltr'><strong>uxerem,</strong></span> <span class='ocrx_word' id='word_1_164' title='bbox 848 3246 1069 3305; x_wconf 64' lang='lat' dir='ltr'><strong>coniugem-10</strong></span> 
     </span>
     <span class='ocr_line' id='line_1_24' title="bbox 169 3325 856 3389; baseline -0.01 -12"><span class='ocrx_word' id='word_1_165' title='bbox 169 3328 326 3389; x_wconf 69' lang='lat' dir='ltr'><strong>ifidicisset,</strong></span> <span class='ocrx_word' id='word_1_166' title='bbox 339 3326 460 3372; x_wconf 74' lang='lat' dir='ltr'><strong>sensisset.</strong></span> <span class='ocrx_word' id='word_1_167' title='bbox 470 3354 504 3360; x_wconf 95' lang='lat'><strong>—</strong></span> <span class='ocrx_word' id='word_1_168' title='bbox 516 3339 541 3371; x_wconf 92' lang='lat'><strong>11</strong></span> <span class='ocrx_word' id='word_1_169' title='bbox 558 3325 703 3387; x_wconf 70' lang='lat' dir='ltr'><strong>industrii,</strong></span> <span class='ocrx_word' id='word_1_170' title='bbox 716 3326 856 3383; x_wconf 60' lang='lat' dir='ltr'><strong>diligentia.</strong></span> 
     </span>
    </p>
   </div>
   <div class='ocr_carea' id='block_1_4' title="bbox 0 0 1263 3700">
    <p class='ocr_par' dir='ltr' id='par_1_7' title="bbox 0 0 1263 3700">
     <span class='ocr_line' id='line_1_25' title="bbox 0 0 1263 3700; baseline 0 0"><span class='ocrx_word' id='word_1_171' title='bbox 0 0 1263 3700; x_wconf 95' lang='lat' dir='ltr'><strong> </strong></span> 
     </span>
    </p>
   </div>
  </div>
 </body>
</html>
