2492 3700
179 207 213 258 36
464 208 697 257 nncmrnous.
732 207 756 263 6,
768 221 791 267 7.

180 375 302 452 pirblice
324 376 415 447 bona,
434 374 589 451 iidemque
611 375 655 432 illi
678 374 878 450 Eumolpidae
900 374 1080 434 sacerdotes

180 488 284 536 rursus
307 486 463 537 resacrare
486 487 558 536 sunt
584 486 683 537 coacti
707 486 760 553 qui
782 497 851 536 eum
880 478 1078 550 deveveraut,

181 581 321 657 pilaeque
345 581 414 639 illae
439 581 471 638 in
491 581 602 657 quibus
630 580 754 639 devotio
779 581 881 639 luerat
906 589 1028 656 scripta,
1046 579 1078 638 in

180 702 264 742 mare
279 683 508 760 praecipitatae.

143 789 164 848 7
222 789 314 845 Haec
333 786 488 846 Alcibiadi
511 787 629 847 laetitia
651 794 714 846 nan
734 787 825 846 nimis
847 787 907 845 fuit
924 787 1077 846 diirtuma.
1121 803 1134 854 5

144 909 146 914 ’
183 892 263 948 Nam
279 909 348 948 curn
364 899 392 948 ei
408 898 516 949 omnes
532 900 639 949 essent
657 891 791 949 honores
814 890 930 949 decreti
951 898 1079 966 totaque

182 1001 230 1052 res
246 993 368 1070 publica
387 994 471 1053 domi
488 994 623 1070 bellique
645 993 767 1066 tradita,
785 1003 818 1052 ut
840 1003 930 1052 unius
953 993 1080 1053 arbitrio

181 1104 345 1173 gereretur,
365 1106 396 1155 et
411 1096 476 1172 ipse
495 1097 686 1173 postulasset
710 1105 744 1154 ut
765 1097 827 1156 duo
851 1097 911 1156 sibi
932 1098 1080 1174 conlegae

182 1201 336 1270 darentur,
372 1200 583 1278 Thrasybulus
619 1209 650 1258 et
684 1201 878 1273 Adimantus,
911 1219 1012 1277 neque
1047 1200 1081 1259 id

184 1312 328 1380 negatum
357 1312 448 1375 esset,
479 1302 579 1361 classe
609 1302 641 1359 in
668 1303 775 1361 Asiam
804 1303 971 1380 profectus,
997 1304 1081 1380 quod
1104 1326 1137 1361 10

184 1407 267 1482 apud
290 1408 407 1484 Cymen
430 1405 532 1465 minus
551 1425 587 1464 ex
613 1406 768 1466 sententia
791 1425 854 1465 rem
877 1416 1025 1484 gesserat,
1049 1407 1082 1464 in

149 1509 331 1568 2invidiam
353 1509 487 1568 reccidit.
543 1508 629 1566 Nihil
659 1509 741 1567 enirn
769 1528 839 1567 eum
868 1517 931 1568 non
961 1511 1089 1570 efficere

184 1631 276 1689 posse
302 1613 466 1671 ducebant.
512 1614 557 1670 Ex
580 1619 642 1688 que
667 1612 764 1671 fiebat
793 1623 827 1671 ut
855 1613 958 1671 omnia
981 1613 1083 1671 minus

184 1723 331 1792 prespere
360 1725 448 1791 gesta
478 1715 586 1790 culpae
616 1715 794 1787 tribuerent,
825 1735 894 1774 cum
929 1725 982 1775 aut
1013 1735 1084 1776 eum

186 1819 384 1897 neglegenter
398 1828 451 1878 aut
466 1817 619 1877 malitiose
634 1818 747 1878 iecisse
762 1818 960 1895 loquerentur
973 1843 980 1894 3
1004 1829 1085 1880 sicut
1104 1843 1138 1896 15

185 1934 251 1983 turn
266 1925 397 1984 accidit:
420 1942 492 1982 nam
508 1930 683 1997 corruptum
699 1931 718 1981 a
739 1930 810 1998 rege
832 1942 942 1998 capere
965 1926 1084 2002 Cymen

152 2039 169 2088 3
186 2028 323 2088 naluisse
339 2028 517 2104 arguebant.
564 2027 675 2100 Itaque
695 2025 765 2083 huic
787 2025 918 2084 maxime
939 2036 1085 2103 putamus

187 2133 268 2192 malo
282 2131 379 2190 luisse
395 2130 521 2189 nimiam
534 2127 712 2205 opinionem
725 2128 829 2204 ingeni
840 2138 933 2205 atque
945 2130 1084 2189 vittatis:

187 2236 351 2295 timebatur
377 2234 457 2293 enirn
484 2240 546 2292 non
576 2232 677 2289 minus
707 2249 799 2306 quam
828 2232 1020 2309 diligebatur,
1046 2242 1086 2292 ne

188 2340 327 2399 secunda
348 2338 471 2397 fartana
494 2344 677 2412 magnisque
699 2334 810 2409 opibus
833 2335 932 2394 elatus
953 2336 1087 2415 tyranni·
1106 2362 1140 2397 20

188 2444 259 2502 dem
289 2448 530 2517 concupisceret.
576 2437 697 2511 Quibus
727 2437 819 2496 rebus
844 2438 960 2497 facturn
983 2450 1031 2499 est
1053 2449 1088 2499 ut

189 2547 311 2605 absenti
336 2544 548 2620 magistratum
578 2540 763 2617 abrogarent
788 2550 819 2599 et
845 2541 937 2599 aliurn
963 2542 995 2600 in
1021 2544 1087 2601 eius

158 2650 290 2707 ilocum
320 2647 550 2706 substituerent.
596 2643 635 2702 Id
663 2643 714 2701 ille
744 2652 777 2701 ut
806 2644 930 2716 audivit,
962 2646 1088 2704 domurn

175 2759 300 2810 ‘reverti
325 2749 423 2808 noluit
449 2758 479 2807 et
508 2755 541 2806 se
572 2749 707 2825 Pactyen
738 2746 867 2805 contulit
896 2747 1001 2823 ibique
1029 2748 1089 2808 tria

190 2853 318 2914 castella
340 2852 527 2924 commaniit,
550 2852 662 2923 OrnoS,
685 2850 864 2924 Bizanthen,
885 2854 1088 2927 Neontichos,
1109 2877 1139 2927 25

190 2967 345 3033 manrique
361 2956 502 3015 conlecta
512 2964 629 3029 primus
639 2956 777 3013 Graecae
793 2954 926 3013 civitatis
946 2955 978 3013 in
994 2958 1089 3017 Thra·

234 3134 247 3187 5
265 3120 404 3182 diuturna,
414 3119 625 3179 longinqua-7
644 3115 765 3180 arbitrie,
778 3118 975 3167 voluntate-1
981 3134 996 3184 3
1013 3121 1091 3172 dirca-

190 3206 267 3267 Μυῒ,
284 3202 471 3251 existimabant.
481 3228 514 3235 —
526 3212 553 3259 17
573 3199 732 3262 arguebant,
745 3199 930 3261 adfirmabant.
939 3229 973 3237 —
987 3203 1015 3250 18
1033 3206 1091 3267 opi-

191 3288 310 3349 nibnem,
320 3286 540 3333 existimationem.
