2492 3700
199 262 231 312 14
450 265 747 314 rnnursrocnus.
783 265 806 322 o,
818 277 841 326 7.

199 431 320 489 duribus
341 433 486 504 victoriis,
508 433 706 492 Marathonia
728 443 759 491 et
783 432 958 504 Salaminia,
975 441 1094 491 tantam

197 533 326 610 gleriam
341 535 424 610 apud
439 543 546 594 omnes
560 543 670 613 gentes
686 544 774 594 erant
786 542 944 595 censecriti
959 545 993 593 ut
1008 535 1094 594 intel-

198 636 334 713 legerent
357 638 596 697 Lacedaemonii
619 639 658 698 de
681 638 856 715 principatu
881 637 941 697 sibi
963 656 1033 696 cum
1055 637 1093 697 iis

196 748 352 800 certemen
366 741 442 800 fore.
485 742 588 815 Quere
604 749 659 801 ees
675 761 767 818 quam
782 740 1009 800 infirmissimes
1024 759 1093 800 esse

163 843 351 904 4volebant.
397 846 565 920 Postquam
588 853 691 904 autem
711 844 874 904 audierunt
889 851 992 903 mirres
1007 853 1091 916 strui,
1130 857 1144 909 5

196 946 316 1024 legetes
331 949 472 1007 Athenas
487 955 644 1020 miserunt,
662 957 715 1024 qui
730 948 762 1007 id
777 949 842 1007 fieri
857 956 1005 1007 veterent.
1031 948 1093 1006 His

195 1049 411 1124 praesentibus
426 1050 584 1109 desierunt
594 1060 633 1110 ac
644 1059 678 1110 se
694 1052 732 1110 de
748 1059 785 1111 ee
800 1059 832 1115 re
848 1051 966 1127 legetes
982 1050 1022 1109 ad
1038 1057 1092 1110 ees

162 1161 178 1208 5
196 1160 343 1212 missires
358 1153 509 1212 dixerunt.
550 1155 645 1212 Hanc
660 1154 846 1231 legetienem
862 1152 999 1230 suscepit
1013 1144 1108 1234 The3'

195 1255 352 1316 mistocles
364 1265 396 1316 et
407 1257 492 1317 selus
507 1265 606 1334 prime
620 1258 778 1334 proiectus
793 1267 859 1316 est:
874 1257 984 1334 reliqui
999 1257 1092 1333 legeti

195 1367 229 1416 ut
243 1367 308 1418 tum
322 1368 441 1418 exirent
456 1361 525 1419 cum
540 1361 616 1421 satis
639 1361 692 1420 alti
715 1362 832 1421 tuendi)
849 1369 925 1419 mirri
945 1369 1092 1419 exstructi
1112 1380 1143 1415 10

195 1461 380 1536 viderentur,
403 1464 577 1540 praecepit:
604 1464 726 1522 interim
752 1470 869 1535 omnes,
893 1472 973 1522 servi
998 1473 1090 1538 atque

195 1565 292 1640 liberi,
308 1586 386 1644 opus
408 1567 547 1626 facerent
570 1585 670 1644 neque
689 1567 740 1626 irlli
756 1567 825 1626 loce
839 1575 1008 1642 parcerent,
1026 1575 1090 1624 sive

195 1687 283 1729 sacer
296 1671 524 1747 siveprofirnus,
538 1679 602 1729 sive
614 1679 751 1746 privetus
764 1679 848 1729 esset
859 1678 923 1728 sive
938 1669 1089 1746 pirblicus,

195 1782 225 1831 et
241 1773 386 1851 undique,
403 1774 488 1851 quod
503 1774 648 1834 ideneum
664 1773 704 1832 ad
720 1772 918 1832 mirniendum
936 1781 1089 1850 putarent,

195 1886 404 1954 congererent.
432 1878 503 1951 Que
517 1878 634 1936 iactum
650 1887 698 1936 est
713 1886 746 1936 ut
761 1876 999 1937 Atheniensium
1014 1886 1091 1935 mirri
1112 1894 1142 1946 15

195 1998 232 2037 ex
247 1980 368 2039 sacellis
384 1981 595 2057 sepulcrisque
611 1988 798 2040 censtairent.

159 2078 180 2137 7
237 2083 462 2143 Themistocles
496 2093 607 2151 autem,
636 2093 669 2141 ut
702 2084 967 2142 Lacedaemonem
997 2083 1089 2156 venit,

192 2180 279 2245 adire
292 2187 331 2245 ad
343 2187 541 2264 magistratus
557 2186 656 2245 neluit
667 2196 699 2245 et
710 2187 796 2245 dedit
808 2206 933 2263 operam
948 2195 982 2245 ut
998 2204 1090 2262 quam

195 2289 372 2366 longissime
395 2300 516 2366 tempus
539 2289 674 2361 dirceret,
691 2309 815 2349 causam
838 2290 1037 2366 interponens
1056 2296 1091 2347 se

161 2393 340 2469 2conlegais
370 2402 558 2470 exspectere.
605 2394 684 2453 Cum
718 2392 957 2452 Lacedaemonii
986 2410 1091 2468 quere·
1110 2409 1143 2445 20

195 2505 300 2555 rentur
328 2515 407 2573 opus
436 2496 533 2556 nihili)
562 2495 664 2554 minus
689 2497 755 2555 fieri
780 2514 911 2572 eumque
937 2496 969 2552 in
995 2504 1031 2553 ee
1058 2502 1090 2552 re

195 2606 300 2658 ceneri
314 2599 429 2672 fallere,
447 2598 568 2660 interim
583 2598 693 2675 reliqui
713 2599 807 2676 legeti
829 2608 900 2658 sunt
922 2605 1089 2658 censecriti.

195 2693 222 2761 Ᾰ
235 2702 347 2779 quibus
362 2722 431 2762 cum
447 2703 586 2762 audisset
598 2710 662 2762 nen
673 2702 802 2761 multum
818 2720 980 2779 superesse
996 2710 1091 2759 mimi-

195 2806 297 2876 tienis,
309 2806 349 2864 ad
364 2808 497 2882 ephores
510 2805 826 2865 Lacedaemoniorum
842 2805 982 2876 accessit,
993 2823 1091 2880 penes

196 2916 274 2985 ques
296 2928 448 2968 summum
471 2919 535 2967 erat
559 2909 727 2986 imperium,
745 2917 837 2985 atque
853 2908 935 2983 apud
951 2915 1004 2966 ees
1021 2926 1091 2965 con·
1111 2923 1143 2974 25

228 3096 241 3143 7
256 3081 402 3146 desierunt,
412 3083 675 3144 intermiserunt-9
687 3081 793 3145 reliqui,
804 3086 924 3128 citeri-
932 3095 962 3129 10
974 3081 1089 3145 exirent,

190 3165 421 3228 proficiscerentur.
430 3193 463 3200 —
476 3179 505 3224 14
517 3164 699 3220 mnniendum
712 3166 810 3212 moenia
822 3166 950 3212 struenda.
960 3192 994 3199 —
1004 3177 1031 3224 17
1048 3166 1089 3228 ut,

190 3254 334 3311 postquam.
343 3274 377 3283 —
387 3260 416 3294 22
430 3249 495 3299 sunt
510 3248 655 3311 censecfiti,
663 3251 845 3308 pervenerunt.
854 3275 889 3282 —
897 3259 928 3311 25
941 3246 1089 3311 contendit,

194 3332 322 3393 affirmat.
