2492 3700
441 283 673 330 nncmmnas.
709 299 733 342 4,
748 297 769 347 5·
1022 281 1054 332 33

155 446 267 506 simum
279 457 361 506 ratus
373 448 602 526 impendentem
616 450 730 508 evitere
742 459 965 526 tempestatem,
976 450 1055 508 clam

155 543 189 609 se
211 550 251 608 ab
270 551 448 611 cistedibus
466 553 610 611 subdixit
631 562 661 611 et
681 553 754 613 inde
774 562 905 630 primum
926 545 1053 626 Elidem,

120 653 228 712 5dein
259 654 383 714 Thebes
412 655 503 714 venit.
553 659 721 733 Postquam
750 667 852 716 autem
882 664 915 715 se
945 656 1054 732 capitis

155 757 335 816 damnetum
353 758 442 817 bonis
462 757 626 835 pirblicetis
647 759 770 831 audivit,
787 770 827 832 et,
844 759 875 818 id
896 759 979 836 quod
999 768 1055 818 tisri

154 867 291 933 venerat,
304 861 501 938 Eumolpides
517 863 694 922 sacerdetes
709 871 728 921 e
743 863 858 939 popule
877 871 1001 922 coectes
1022 872 1054 921 ut
1088 878 1102 929 5

156 971 190 1022 se
206 963 400 1036 devoverent,
415 965 543 1041 eiusque
559 965 733 1025 devetionis
745 973 807 1042 que
819 966 958 1025 testetior
972 975 1056 1024 esset

137 1067 312 1143 memoria,
340 1068 511 1144 exemplum
538 1069 569 1126 in
594 1070 657 1144 pile
682 1069 804 1145 lapidee
829 1069 960 1127 incisum
986 1088 1054 1128 esse

155 1169 291 1246 positum
327 1171 358 1228 in
394 1171 527 1247 pirblice,
561 1173 827 1241 Lacedaemonem
864 1172 1052 1249 demigravit.

119 1273 216 1345 albi,
247 1283 281 1332 ut
309 1273 375 1349 ipse
404 1274 583 1350 praedicere
612 1282 783 1348 consuerat,
814 1283 876 1335 nen
908 1277 1054 1334 adversus

156 1375 296 1452 patriam,
311 1376 366 1435 sed
378 1368 519 1436 inimices
532 1385 604 1437 sues
617 1379 731 1438 bellum
746 1379 850 1455 gessit,
864 1379 948 1455 quod
962 1379 1054 1437 iidem
1076 1399 1103 1434 ιο

156 1480 263 1538 hostes
289 1490 394 1539 essent
417 1480 554 1539 civitati:
586 1501 656 1539 nam
682 1500 751 1540 cum
781 1482 993 1559 intellegerent
1022 1489 1056 1540 se

156 1581 319 1658 plirrimum
334 1583 483 1660 predesse
499 1603 592 1660 posse
608 1594 652 1642 rei
668 1585 816 1660 pirblicae‚
829 1604 867 1643 ex
878 1595 915 1644 eai
927 1585 1056 1652 eiecisse

104 1763 108 1772 ι
156 1685 287 1762 plirsque
303 1695 366 1746 irae
382 1705 456 1746 suae
472 1706 563 1763 quam
584 1687 706 1746 militati
730 1697 882 1747 commimi
905 1688 1054 1764 peruisse.

121 1770 269 1873 'tzItaque
284 1791 374 1851 holus
389 1789 520 1851 censilie
537 1790 776 1849 Lacedaemonii
791 1810 860 1849 cum
877 1793 969 1850 Perse
985 1799 1056 1867 rege

156 1894 324 1954 amicitiam
339 1895 486 1967 fecerunt,
504 1893 576 1953 dein
593 1894 759 1953 Deceleam
775 1895 805 1951 in
821 1895 925 1953 Attice
943 1895 1056 1953 menie·
1076 1918 1106 1970 15

152 1992 230 2057 'runt
244 1976 461 2075 prae‘s'idieque
480 1997 522 2057 ibi
545 2006 694 2074 perpetue
716 1998 818 2074 posite
839 1998 872 2055 in
893 1998 1056 2056 obsidiene

157 2104 300 2162 Athenis
316 2110 486 2162 tenuerunt.
531 2096 678 2162 Eiusdem
690 2086 784 2177 opere
800 2102 920 2160 leniam
932 2112 950 2161 e
963 2102 1056 2160 socie-

156 2215 221 2266 tate
251 2213 428 2265 everterunt
457 2205 701 2265 Atheniensium.
747 2205 818 2278 Que
847 2206 932 2263 facte
961 2206 1056 2263 multe

156 2308 332 2386 superieres
347 2309 428 2368 belle
444 2328 512 2368 esse
528 2316 704 2385 coeperunt.
718 2382 722 2390 1

115 2407 140 2466 5
199 2415 311 2488 Neque
330 2419 403 2471 vere
424 2413 472 2471 his
495 2412 586 2471 rebus
611 2421 675 2470 tam
701 2420 790 2469 amici
809 2410 962 2469 Alcibiadi
987 2419 1057 2468 sunt
1076 2435 1106 2469 20

154 2517 233 2575 lacti
248 2535 341 2591 quarn
356 2515 464 2575 timere
480 2516 519 2574 ab
535 2524 573 2575 ee
588 2516 722 2574 alienati.
769 2516 849 2571 Nam
865 2532 934 2572 curn
950 2514 1056 2572 acerri-

154 2628 198 2677 mi
218 2618 276 2677 viri
298 2628 507 2695 praestantem
526 2618 723 2703 predentiam
747 2617 777 2674 in
800 2617 942 2675 omnibus
965 2618 1056 2676 rebus

155 2730 390 2809 cegnesperent,
401 2722 622 2799 pertimuerunt
634 2729 672 2779 ne
682 2722 809 2779 ceritaite
819 2721 936 2796 patriae
946 2720 1056 2780 ductus

156 2826 326 2903 aliquande
342 2826 380 2885 ab
397 2825 472 2902 ipsis
486 2826 673 2884 descisceret
687 2834 717 2883 et
733 2832 802 2882 'cum
814 2833 877 2881 suis
888 2824 919 2881 in
928 2824 1056 2900 gretiam

156 2930 280 2989 rediret.
325 2931 436 3005 Itaque
452 2923 571 3004 tempus
594 2928 661 2986 eius
684 2927 887 2985 interficiendi
910 2946 1055 3001 quaerere
1076 2947 1105 2998 25

122 3031 364 3091 2instituerunt.
424 3032 461 3090 Id
496 3030 676 3090 Alcibiades
713 3029 825 3088 diirtius
863 3030 956 3088 celeri
993 3037 1055 3088 nen

200 3240 230 3275 22
244 3224 425 3291 pritdentiam,
434 3226 603 3288 sagdcitcitem.
611 3253 645 3259 -
654 3237 684 3289 23
698 3224 821 3288 emite,
829 3228 921 3270 amere.
928 3249 958 3257 —
968 3235 999 3282 24
1011 3222 1057 3272 de-

156 3310 293 3374 scisceret,
306 3308 424 3373 deficeret.
