2492 3700
196 174 229 226 48
457 179 740 226 aennruomms.
775 179 798 234 6,
812 193 834 238 7.

197 353 308 421 pugne.
354 346 433 403 Tum
449 345 532 403 enim
546 345 684 421 perfecit,
702 346 786 423 quod
804 355 876 421 post
894 344 1043 422 apperuit,
1062 355 1098 403 ut

197 447 310 505 auxilie
326 447 566 506 Lacedaemonii
582 449 736 506 socierum
751 457 949 524 privarentur.

161 552 182 612 7
239 549 347 608 Fuisse
377 550 545 626 patientem
576 559 762 626 suorumque
792 551 918 610 iniuriis
943 551 1097 610 ferentem

196 651 316 725 civium,
340 654 425 729 quod
448 660 481 711 se
504 653 620 730 patriae
644 663 735 713 iresci
756 655 846 713 netes
866 673 935 712 esse
958 654 1095 728 diiceret,

196 756 273 816 haec
291 766 363 814 sunt
383 756 569 816 testimenia.
615 758 694 816 Cum
716 775 785 815 eum
808 767 932 834 propter
947 757 1098 816 invidiam
1139 774 1152 824 5
1231 772 1232 789 ¹

196 865 279 917 cives
309 867 356 917 sui
385 860 549 935 praeficere
579 859 725 919 exercitui
761 860 935 919 noluissent
970 861 1098 937 duxque

195 972 280 1020 esset
295 962 433 1021 delectus
456 964 528 1022 belli
550 964 718 1040 imperituS,
735 963 822 1023 cuius
842 971 943 1024 errere
958 971 996 1023 er')
1011 976 1099 1024 esset

195 1072 330 1131 deducta
353 1072 404 1130 illa
426 1073 590 1132 multitirde
613 1073 741 1130 militum
757 1083 790 1132 ut
808 1080 916 1132 omnes
937 1074 976 1132 de
996 1074 1098 1134 salirte

195 1174 455 1251 pertimescerent,
484 1176 567 1251 quod
594 1177 730 1235 locerum
760 1176 910 1253 angustiis
936 1176 1098 1237 clausi'ab

195 1279 339 1338 hostibus
361 1280 591 1349 obsidebantur,
618 1279 786 1337 desiderari
807 1289 919 1356 coepta
944 1290 992 1338 est
1018 1281 1098 1356 Epa·
1121 1297 1153 1330 10

196 1383 361 1442 minendae
377 1383 554 1460 diligentia:
577 1381 739 1440 eratenim
755 1382 798 1440 ibi
816 1390 952 1458 privatus
968 1390 1098 1443 numero

161 1491 179 1542 2
196 1486 310 1546 militis
344 1478 446 1562 sique
463 1503 532 1544 cum
549 1494 690 1560 peterent
705 1503 805 1560 opem,
822 1484 937 1543 millam
953 1485 1098 1546 adhibuit

196 1589 374 1650 memoriam
390 1587 594 1648 contumeliae
611 1596 642 1645 et
657 1587 824 1646 exercitum
839 1587 1003 1648 obsidiene
1023 1588 1098 1648 libe-

162 1697 295 1752 3raitum
319 1692 443 1751 domum
473 1690 593 1748 reduxit
615 1690 808 1748 incolumem.
854 1692 921 1749 Nec
943 1697 1015 1750 vere
1035 1691 1098 1751 hec

196 1795 290 1855 semel
301 1794 383 1864 iecit,
395 1795 451 1853 scd
460 1793 592 1869 saepius.
629 1792 764 1852 Mexime
776 1802 877 1851 autem
887 1793 945 1852 fuit
957 1793 1095 1869 inlustre,
1122 1815 1154 1867 15

196 1918 265 1958 cum
288 1898 319 1955 in
342 1899 589 1974 Peloponnesum
611 1897 778 1955 exercitum
794 1897 932 1955 duxisset
947 1897 1097 1957 adversus

196 2001 460 2060 Lacedaemonios
481 2000 671 2075 haberetque
693 1999 839 2074 conlegis
861 1999 948 2072 dude,
966 2008 1098 2075 querum

196 2105 272 2163 alter
287 2114 354 2163 erat
370 2103 543 2179 PelopideS,
561 2101 605 2159 vir
620 2101 709 2160 fortis
724 2110 761 2159 ec
777 2108 928 2160 strenuus.
966 2104 1011 2161 Hi
1026 2122 1097 2162 cum

195 2206 374 2266 criminibus
397 2204 640 2264 adverserierum
659 2210 766 2263 omnes
785 2203 815 2260 in
834 2204 983 2262 invidiam
998 2208 1098 2265 venis·

196 2319 266 2369 sent
280 2310 320 2368 ob
336 2328 466 2384 eamque
488 2326 551 2365 rem
571 2306 732 2382 imperium
755 2307 791 2364 iis
814 2317 898 2365 esset
914 2308 1097 2385 abrogatum
1119 2329 1153 2365 20

196 2422 288 2488 atque
309 2413 340 2470 in
363 2419 468 2471 cerum
489 2411 591 2469 locum
613 2409 665 2466 alii
685 2416 843 2484 praeteres
859 2411 1095 2483 successissent,

161 2516 427 2592 4Epamrnondas
450 2514 555 2591 populi
579 2519 658 2571 scito
682 2519 745 2570 non
771 2512 872 2586 paruit
895 2512 1040 2590 idemque
1063 2524 1097 2574 ut

195 2619 333 2677 lacerent
355 2616 508 2694 persuesit
531 2616 669 2691 conlegis
691 2625 722 2673 et
744 2614 858 2672 bellum
884 2616 969 2690 quod
995 2625 1098 2676 susce-

195 2730 290 2797 perat,
325 2720 430 2797 gessit.
484 2720 625 2793 Namque
663 2716 935 2789 animadvertebat,
967 2719 1027 2777 nisi
1064 2721 1098 2780 id

195 2824 330 2894 fecisset,
362 2831 459 2882 tetum
490 2820 659 2878 exercitum
690 2828 813 2895 propter
839 2828 1014 2895 praetorum
1044 2822 1097 2881 im·
1119 2843 1152 2893 ²5

161 2939 177 2987 5
195 2926 389 3004 prirdentiam
405 2924 619 2998 inscitiamque
635 2922 709 2981 belli
729 2921 905 2997 periturum.
951 2926 1016 2983 Lex
1031 2937 1098 2985 erat

195 3031 313 3090 Thebis
345 3048 424 3107 quae
460 3036 557 3085 morte
589 3024 747 3096 multabat,
780 3034 806 3082 si
836 3026 905 3101 quis
935 3026 1097 3103 imperium

239 3176 266 3211 rr
280 3163 400 3225 numere,
413 3162 551 3208 loca-12
569 3170 658 3221 opem,
672 3159 811 3205 auxilium.
819 3185 852 3192 -
862 3170 891 3221 13
904 3160 1096 3226 contumeliae,

195 3249 383 3303 initialia—14
402 3244 573 3304 incolumem,
587 3243 695 3287 salvum.
