2492 3700
406 201 688 250 urnmrnonnxs.
726 199 783 266 5,s.
1008 201 1042 252 47

141 389 213 428 cum
233 369 375 428 universa
391 367 522 428 Graecia
538 368 587 426 vix
603 368 713 427 decem
733 377 823 427 annis
845 379 937 428 imam
959 368 1041 445 cepit

140 473 259 544 urbem,
275 491 333 549 ego
347 480 455 530 contra
477 480 514 530 ea
537 480 598 530 ima
620 472 697 530 urbe
719 479 826 530 nostra
845 472 956 549 dieque
979 480 1040 532 ime

140 583 238 634 tetam
254 574 416 633 Graeciam
432 574 689 633 Lacedaemoniis
705 574 821 651 fugatis
837 574 993 634 liberavi.'’

104 678 127 737 6
182 672 273 737 ldem
286 696 354 735 cum
365 677 396 735 in
409 687 595 736 conventum
605 677 742 736 venisset
753 677 918 750 Arcadum,
929 684 1039 754 petens

140 790 175 839 ut
201 781 382 840 societatem
406 799 475 839 cum
500 780 659 839 Thebanis
685 790 716 839 et
743 783 865 857 Argivis
890 780 1037 854 facerent,
1076 799 1089 850 5

139 892 311 959 contraque
336 883 540 955 Callistratus,
568 883 805 944 Atheniensium
831 883 960 960 legatus,
986 893 1039 960 qui

139 986 319 1062 eloquentie
333 993 441 1045 omnes
457 993 494 1045 ee
509 988 689 1062 praestabat
709 997 855 1064 tempore,
868 987 1039 1063 postularet

139 1100 174 1148 ut
198 1090 304 1166 potius
329 1091 493 1148 amicitiam
521 1101 725 1168 sequerentur
745 1091 928 1162 Atticarum,
953 1091 1038 1150 etin

103 1201 120 1249 2
138 1192 279 1252 oratione
302 1202 357 1252 sua
379 1195 474 1252 multa
497 1194 638 1253 invectus
660 1204 743 1254 esset
765 1195 794 1253 in
817 1195 986 1253 Thebanes
1007 1204 1039 1252 et

139 1301 281 1374 Argives,
299 1298 329 1356 in
345 1299 444 1375 iisque
466 1300 526 1380 hec
545 1299 710 1376 posuisset,
727 1298 863 1357 animum
879 1298 1038 1356 advertere
1059 1321 1088 1356 ro

138 1401 253 1459 debere
276 1402 415 1461 Arcades
437 1402 545 1478 quales
568 1411 698 1478 utraque
728 1401 836 1460 civitas
862 1405 946 1460 cives
971 1408 1038 1476 pre

137 1513 285 1576 creasset,
316 1505 490 1580 exquibus
516 1505 554 1564 de
584 1512 694 1564 ceteris
723 1513 853 1580 possent
881 1502 1036 1562 iudicare:

138 1610 272 1684 Argives
287 1608 369 1666 enim
384 1609 481 1667 tuisse
497 1609 640 1668 Orestem
655 1618 686 1670 et
701 1609 922 1668 Alcmaeonem
937 1607 1038 1667 matri-

137 1711 235 1782 cidas,
266 1711 388 1770 Thebis
412 1711 567 1788 Oedipum
596 1720 712 1784 natum,
743 1721 795 1788 qui
823 1729 894 1769 cum
919 1720 1037 1787 patrem

136 1832 229 1871 suum
258 1812 472 1887 interfecisset,
505 1833 542 1874 ex
571 1823 667 1874 matre
697 1815 810 1876 liberes
836 1821 1035 1890 procreasse:
1050 1835 1086 1897 ,¹5

100 1922 118 1971 3
135 1917 209 1974 huic
232 1917 263 1973 in
286 1918 505 1994 respondendo
523 1919 764 1995 Epamiuendas‚
782 1936 852 1976 cum
871 1918 910 1976 de
926 1924 1036 1976 ceteris

135 2026 322 2095 pererrasset,
335 2030 501 2096 postquam
513 2021 552 2080 ad
568 2020 620 2079 illa
632 2021 695 2080 duo
706 2020 872 2097 opprobria
886 2020 1035 2096 pervenit,

135 2123 281 2181 admirari
304 2130 336 2181 se
353 2124 429 2181 dixit
452 2124 611 2183 stultitiam
633 2125 763 2183 rhetoris
780 2124 884 2196 Attici,
901 2132 953 2199 qui
973 2130 1036 2181 non

135 2225 388 2283 animadverterit
404 2225 586 2285 innocentes
609 2228 679 2285 illes
702 2234 793 2285 nates
815 2228 906 2297 domi,
920 2225 1035 2283 scelere

134 2328 275 2386 admisse
298 2346 366 2386 cum
389 2328 488 2404 patria
514 2339 619 2387 essent
645 2330 774 2405 expulsi,
799 2335 940 2404 receptes
966 2346 1036 2385 esse
1056 2350 1086 2383 20

97 2431 175 2488 dab
207 2430 460 2491 Atheniensibus
514 2432 575 2491 Sed
605 2432 737 2490 maxime
765 2431 831 2489 eius
860 2430 1036 2505 eloquentia

133 2532 230 2591 eluxit
248 2535 376 2609 Spartae
388 2534 482 2609 legati
497 2543 569 2593 ante
581 2544 715 2611 pegnam
729 2534 930 2592 Leuctricam.
964 2533 1036 2606 Que

133 2654 204 2694 cum
228 2636 364 2694 omnium
388 2636 540 2695 socierum
564 2637 784 2695 convenissent
808 2636 909 2713 legati,
933 2643 1035 2693 coram

132 2738 387 2814 frequentissime
413 2738 603 2814 legatienum
632 2748 786 2798 conventri
812 2749 857 2798 sic
884 2738 1037 2797 Lacedae-

132 2841 308 2900 monierum
331 2842 525 2919 tyrannidem
548 2843 687 2918 coarguit
709 2852 742 2900 ut
764 2850 827 2900 non
854 2841 954 2899 minus
984 2840 1035 2899 illa
1055 2861 1085 2912 25

133 2944 276 3004 oratione
306 2951 380 3020 opes
410 2952 515 3028 earum
538 2945 729 3003 concusserit
752 2964 844 3021 quarn
875 2943 1036 3003 Leuctrica

176 3121 188 3167 7
216 3109 387 3172 praestibat,
417 3108 558 3168 superabat.
572 3108 632 3155 -8
660 3110 842 3171 sequerentur,
868 3113 1036 3168 peterent.-

136 3203 166 3239 10
189 3188 336 3254 posuisset,
359 3191 553 3238 dixisset-20
576 3190 705 3254 admisso,
721 3193 879 3253 sarta-25
903 3188 1034 3253 coarguit,

133 3276 245 3322 ostendit.
