2492 3700
454 778 826 862 EPAMINONDAS.

154 977 175 1034 1
233 968 481 1051 nimirums,
500 953 690 1056 Polymnidis
705 978 798 1050 finus,
815 978 992 1055 Thebanus,
1039 979 1091 1036 ns

191 1081 250 1139 hec
268 1081 446 1156 priusquam
465 1081 635 1153 scribimus,
651 1082 730 1139 haec
748 1080 967 1157 praecipienda
985 1080 1092 1140 viden-

190 1194 239 1243 tur
260 1183 434 1256 lecteribus
458 1191 496 1242 ne
520 1184 638 1243 alienes
660 1191 760 1243 meres
784 1183 823 1241 ad
848 1191 921 1243 sues
943 1184 1089 1256 referant,
1129 1217 1135 1225 ·

191 1294 268 1345 neve
290 1267 327 1344 ea
357 1305 436 1361 quae
462 1286 538 1362 ipsis
561 1286 677 1345 leviora
699 1296 779 1359 sunt,
803 1295 869 1362 pari
890 1287 983 1346 mode
1005 1287 1092 1362 apud

157 1397 311 1452 2ceteres
332 1389 430 1448 fuisse
452 1389 647 1448 arbitrentur.
701 1391 821 1449 Scimus
845 1389 927 1448 enim
950 1389 1091 1448 musicen
1133 1406 1146 1458 5

191 1501 305 1552 nostris
325 1492 460 1551 moribus
482 1493 592 1551 abesse
612 1501 630 1551 e
650 1492 797 1569 principis
817 1500 958 1568 persenit,
975 1492 1091 1551 saltere

191 1603 263 1654 vere
279 1594 371 1654 etiam
386 1594 417 1652 in
430 1595 511 1654 vitiis
526 1603 600 1672 peni
615 1619 621 1654 :
645 1615 724 1672 quae
740 1595 842 1653 omnia
857 1596 939 1672 apud
951 1596 1091 1655 Graecds

158 1701 222 1757 3et
250 1707 337 1775 greta
367 1708 397 1757 et
426 1699 517 1757 laude
546 1698 639 1776 digna
666 1699 826 1757 dircuntur.
882 1699 961 1757 Cum
986 1707 1091 1757 autern

192 1801 361 1879 exprimere
379 1801 544 1879 imaginem
563 1801 795 1862 consuetudinis
816 1810 907 1877 atque
922 1810 1004 1860 vitae
1018 1801 1091 1861 veli-

192 1926 260 1964 mus
276 1906 518 1981 Epaminendae‚
532 1905 608 1963 nihil
620 1905 758 1963 videmur
774 1905 886 1964 debere
902 1906 1091 1981 praetermit-
1114 1924 1145 1958 ιο

159 2017 175 2065 4
192 2019 256 2067 tere
278 2010 360 2085 quod
381 2008 534 2085 pertineat
555 2008 595 2066 ad
616 2028 683 2066 eam
704 2009 931 2067 declarandam.
985 2008 1090 2081 Quare

193 2112 330 2171 dicemus
345 2121 475 2188 primum
494 2112 533 2169 de
550 2130 662 2187 genere
681 2110 756 2183 eius,
774 2110 887 2169 deinde
903 2110 1015 2186 quibus
1030 2111 1091 2170 dis-

193 2215 315 2291 ciplinis
338 2225 368 2274 et
392 2224 410 2273 e
434 2215 546 2291 quibus
570 2214 609 2273 sit
633 2215 779 2283 eruditus,
802 2223 867 2272 tum
891 2214 930 2272 de
954 2214 1091 2273 meribus

194 2319 358 2395 ingenique
373 2318 574 2377 tacultetibus
589 2326 620 2376 et
636 2326 663 2375 si
678 2336 739 2392 qua
757 2316 818 2374 alia
834 2316 981 2376 memorie
996 2295 1092 2394 digna

194 2431 290 2493 erunt,
315 2428 472 2497 postremi>
498 2421 537 2478 de
563 2421 655 2479 rebus
678 2428 783 2496 gestis,
809 2439 887 2495 quae
911 2428 929 2478 ἑ
953 2420 1143 2495 plurimis15

194 2524 287 2582 animi
303 2532 532 2601 antepenuntur
547 2522 718 2582 virtutibus.
1068 2566 1082 2591 .

160 2632 181 2690 2
236 2630 336 2685 Netus
355 2627 446 2704 igitur
463 2633 628 2703 patreque
649 2625 790 2698 diximus,
815 2644 927 2703 genere
948 2626 1090 2699 honeste,

194 2749 310 2807 pauper
325 2732 385 2787 iam
400 2738 419 2788 ai
433 2729 600 2789 maioribus
618 2729 742 2787 relictus
760 2737 815 2801 est,
833 2713 970 2786 eruditus
988 2739 1092 2787 autem

195 2842 238 2892 sic
253 2843 287 2891 ut
310 2840 401 2892 neme
416 2833 585 2891 Thebanus
604 2831 725 2911 magis„
756 2832 836 2889 Nam
856 2842 888 2890 et
910 2831 1092 2891 citharizere

194 2947 225 2995 et
245 2945 369 2995 cantare
390 2936 429 2994 ad
450 2935 633 2994 chordarum
654 2953 763 2992 sonum
784 2935 894 2992 doctus
912 2945 960 2993 est
979 2944 998 2993 e
1019 2935 1094 2994 Dio-
1113 2956 1144 2990 20

227 3114 243 3160 4
259 3090 346 3163 mode,
360 3098 524 3147 ratitum—6
536 3099 631 3148 abesse
641 3099 668 3162 i,
681 3098 817 3144 abhorrere
828 3103 851 3144 ἄ.
859 3125 893 3132 -
903 3110 929 3144 11
944 3097 1092 3165 pertineat,

194 3184 306 3231 attineat.
316 3210 350 3217 -
359 3182 557 3244 declitandam,
576 3181 762 3227 ostendendam.
770 3208 804 3215 —
814 3193 823 3225 1
830 3193 843 3243 5
861 3181 1006 3244 postremi),
1024 3182 1094 3229 deni-

195 3282 248 3328 que.
256 3276 325 3324 -17
345 3265 433 3314 Nitus
446 3266 499 3327 est,
512 3269 581 3310 ortus
593 3268 634 3309 est.
642 3289 676 3297 —
685 3276 715 3309 20
732 3264 850 3325 cautere,
863 3277 958 3309 canere.
