2492 3700
211 251 227 298 4
507 252 722 302 MILTIADES.
758 269 780 318 3,
793 270 816 314 4.

212 435 280 474 cum
297 417 433 494 plerique
450 418 643 490 accederent,
662 421 825 479 Histiaeus
838 422 988 493 Milesius
1006 430 1043 481 ne
1060 431 1107 481 res

211 521 420 593 conficeretur,
449 521 578 594 obstitit,
606 524 712 581 dicens
743 531 805 582 non
835 523 918 583 idem
944 525 1027 601 ipsiS,
1056 535 1107 601 qui

211 633 346 682 summas
361 623 480 700 'imperi
505 632 655 698 tenerent,
681 628 825 702 expedire
852 636 883 686 et
909 628 1106 701 multitudini,

211 726 294 802 quod
311 728 404 785 Darei
419 735 514 803 regno
530 728 665 804 ipsorum
681 737 827 788 niteretur
842 731 1027 810 dominatio:
1046 739 1108 807 qud

211 829 364 889 exstincto
397 831 482 906 ipsos
515 841 671 908 potestate
707 835 852 909 expulsos
887 834 1007 892 civibus
1043 844 1107 893 suis
1143 848 1156 901 5
1235 898 1236 901 Ἴ

211 942 329 1009 poenas
352 935 486 994 daturos.
533 938 643 1014 ltaque
666 936 745 995 adeo
764 945 797 994 se
816 937 979 995 abhorrere
994 946 1014 995 a
1029 944 1107 996 cete-

176 1117 179 1122 ·
212 1044 313 1095 rorum
339 1039 478 1110 consilio,
502 1048 536 1097 ut
561 1039 638 1096 nihil
663 1049 752 1115 putet
776 1039 853 1115 ipsis
882 1039 986 1098 utilius
1015 1059 1106 1116 quarn

177 1154 193 1202 6
211 1141 386 1200 confirmari
406 1150 534 1220 regnum
553 1144 724 1200 Persarum.
770 1142 873 1200 Hirius
895 1162 965 1201 cum
987 1153 1107 1202 senten-

211 1243 284 1300 tiam
307 1244 428 1319 phirimi
449 1255 555 1304 essent
577 1254 684 1316 secuti,
703 1244 862 1303 Miltiades
880 1253 942 1304 non
961 1247 1107 1306 dubitans

183 1405 184 1412 ,
210 1356 273 1404 tam
289 1348 393 1406 multis
409 1348 542 1407 consciis
558 1348 598 1406 ad
613 1347 694 1424 regis
715 1355 804 1406 aures
822 1348 953 1406 consilia
970 1368 1026 1407 sua
1043 1368 1108 1425 per·
1127 1372 1158 1406 10

210 1460 347 1522 ventura,
372 1451 601 1511 Chersonesum
627 1451 750 1526 reliquit
773 1460 811 1510 aie
837 1461 941 1510 rursus
966 1453 1106 1510 Athenas

210 1553 400 1630 demigravit.
453 1553 549 1613 Cuius
582 1553 660 1613 ratio
693 1563 751 1612 etsi
780 1561 843 1612 non
873 1554 976 1627 valuit,
1003 1564 1107 1613 tamen

210 1664 323 1732 magno
349 1675 441 1732 opere
467 1666 515 1715 est
541 1657 698 1714 laudanda
724 1675 793 1714 cum
820 1656 947 1714 amicior
972 1657 1107 1715 omnium

210 1758 344 1818 libertati
360 1778 451 1835 quam
467 1778 541 1817 suae
557 1759 650 1817 fuerit
665 1758 877 1817 dominationi.

171 1871 193 1928 4
252 1864 371 1921 Dareus
387 1872 498 1935 autem,
516 1881 585 1921 cum
600 1882 639 1921 ex
654 1865 777 1939 Europa
793 1862 824 1919 in
840 1863 947 1921 Asiam
965 1865 1105 1937 redisset,
1129 1890 1159 1940 15

209 1965 404 2025 hortantibus
427 1974 534 2024 amicis
557 1976 591 2024 ut
611 1965 773 2023 Graeciam
796 1964 950 2041 redigeret
969 1967 1001 2023 in
1019 1986 1107 2026 suam

209 2077 404 2144 potestatem,
430 2069 561 2127 classem
596 2077 832 2144 quingentarum
868 2069 993 2127 navium
1028 2089 1107 2128 com-

209 2171 328 2247 paravit
361 2181 451 2247 eique
485 2171 589 2230 Datim
626 2171 774 2246 praefecit
807 2181 837 2229 et
870 2174 1105 2248 Artaphernem,

209 2274 319 2349 hisque
335 2275 469 2333 ducenta
484 2274 632 2350 peditum,
644 2274 752 2331 decem
764 2274 901 2350 equiturn
914 2274 997 2332 milia
1010 2276 1104 2348 dedit,

210 2395 334 2435 causam
353 2376 538 2435 interserens
561 2384 594 2435 se
616 2376 739 2435 hostem
761 2396 830 2435 esse
851 2377 1103 2451 Atheniensibus,
1127 2406 1160 2439 20

210 2480 292 2556 quod
322 2488 427 2539 eorum
459 2480 572 2539 auxilio
610 2482 703 2538 Iones
738 2480 843 2537 Sardis
876 2490 1107 2557 expugnassent

175 2596 192 2646 2
209 2602 326 2659 suaque
346 2582 501 2659 praesidia
518 2582 754 2640 interfecissent.
802 2582 852 2639 Illi
866 2584 1015 2658 praefecti
1031 2584 1106 2661 regii

209 2686 309 2744 classe
325 2687 364 2744 ad
381 2687 539 2744 Euboeam
555 2686 686 2761 appulsa
701 2685 840 2743 celeriter
857 2685 1004 2744 Eretriam
1020 2694 1106 2762 cepe-

209 2798 280 2847 runt
300 2796 469 2865 omnesque
490 2788 555 2847 eius
572 2786 674 2864 gentis
690 2794 773 2846 cives
789 2789 934 2863 abreptos
951 2788 981 2846 in
999 2789 1105 2848 Asiam

209 2893 248 2951 ad
263 2899 365 2969 regem
382 2899 538 2950 miserunt.
585 2891 663 2949 Inde
686 2890 726 2948 ad
748 2890 884 2948 Atticam
907 2899 1105 2950 accesserunt
1126 2918 1158 2968 25

253 3075 261 3108 1
275 3060 531 3125 pleriquesplririmi.
540 3074 596 3119 —4
608 3060 767 3122 domini-tib,
777 3061 923 3121 imperium.
930 3074 984 3122 -7
997 3061 1103 3126 utilius,

208 3146 306 3191 melius.
317 3171 350 3178 —-
361 3155 390 3207 15
408 3144 533 3206 redisset,
552 3144 699 3191 revertisset.
708 3168 741 3176 -
753 3141 783 3188 16
801 3142 985 3207 hortantibus,
996 3146 1105 3191 sudden-

207 3228 281 3275 tibus.
290 3253 324 3261 —
332 3240 363 3273 20
376 3226 547 3288 interserens,
558 3226 728 3285 interponens.
737 3251 771 3259 -
781 3238 811 3270 22
824 3222 965 3289 praefecti,
978 3228 1058 3273 ducis.
