2492 3700
379 265 383 272 .
448 215 664 270 Penoernns.
699 234 755 286 3-5·
1018 221 1048 272 ss

146 392 291 445 auctores
317 387 472 446 Cadmeae
497 388 698 463 occupandae
721 387 833 465 partim
859 388 1047 459 occiderunt,

146 487 259 564 partim
276 488 308 546 in
323 490 464 548 exsilium
481 491 646 551 eiecerunt.

109 599 133 656 4
192 593 264 650 Hoc
282 601 345 650 tam
365 593 490 652 turbido
509 604 656 670 tempore,
674 604 753 654 sicut
769 604 862 673 supra
876 595 1047 667 docuimus,
1131 617 1135 632 ¹

149 695 392 770 Epaminondas,
418 697 521 772 quoad
548 716 617 755 cum
644 698 764 757 civibus
788 699 967 757 dimicatum
990 708 1046 769 est,

147 797 233 854 domi
255 797 378 873 quietus
400 799 466 858 tuit.
517 802 627 875 Itaque
650 801 727 859 haec
750 801 948 861 liberatarum
970 801 1048 860 The
1085 816 1097 866 5

147 900 257 958 barum
287 901 409 976 propria
438 902 506 961 laus
540 912 587 961 est
621 903 799 980 Pelopidae,
830 911 951 964 ceterae
982 905 1047 964 fere

111 1009 129 1058 2
147 1011 328 1063 communes
344 1023 412 1062 cum
425 1007 650 1082 Epaminonda,
687 1010 829 1083 Namque
845 1007 875 1065 in
888 1007 1048 1066 Leuctrica

147 1115 252 1184 pugna
274 1107 456 1183 imperatore
479 1110 693 1184 Epaminonda
715 1110 765 1169 hic
786 1110 844 1168 fuit
866 1111 929 1169 dux
950 1111 1048 1169 delec-

148 1223 199 1271 tae
215 1223 333 1284 manuS,
351 1233 429 1289 quae
450 1223 547 1290 prima
566 1214 752 1289 phalangem
772 1213 937 1289 prostravit
954 1216 1048 1272 Laco

112 1325 231 1374 3num.
286 1316 436 1375 Omnibus
462 1325 621 1393 praeterea
648 1317 794 1393 periculis
819 1316 918 1374 adfuit
943 1317 1047 1394 (sicut,
1069 1340 1098 1374 ιο

150 1420 292 1494 Spartam
323 1438 392 1477 cum
422 1420 619 1496 oppugnavit,
648 1420 776 1478 alterum
802 1418 902 1478 tenuit
927 1421 1046 1498 como),

148 1529 273 1598 quoque
298 1523 444 1581 Messena
469 1522 598 1581 celerius
625 1522 843 1593 restitueretur,
871 1522 990 1598 legatus
1016 1521 1048 1579 in

144 1627 262 1684 Persas
291 1635 339 1684 est
368 1626 532 1702 profectus
555 1619 563 1631 ’
587 1625 731 1700 Denique
760 1624 837 1682 haec
866 1624 924 1683 tuit
953 1625 1048 1683 altera

147 1736 283 1806 persona
298 1729 423 1799 Thebis,
443 1729 498 1788 sed
513 1738 616 1787 tamen
636 1728 773 1786 secunda
791 1727 834 1786 ita
858 1737 891 1785 ut
910 1727 1048 1803 proxima

148 1841 233 1891 esset
249 1832 492 1908 Epaminondae.
1069 1841 1098 1893 Ι5

109 1942 135 2001 5
192 1935 398 1996 Conflictatus
435 1946 537 1995 autem
571 1945 619 1994 est
652 1953 719 1993 cum
752 1934 882 1993 adversa
914 1934 1046 1993 fortuna.

149 2040 231 2098 Nam
255 2048 287 2098 et
313 2038 409 2109 initio,
435 2046 514 2097 sicut
538 2037 740 2107 ostendimus,
765 2037 852 2095 exsul
877 2036 977 2112 patria
1002 2056 1048 2094 ca·

148 2141 218 2213 ruit,
235 2152 353 2201 etcum
368 2140 562 2199 Thessaliam
579 2139 609 2197 in
626 2148 812 2215 potestatem
828 2139 1049 2198 Thebanorum

148 2254 276 2321 cuperet
298 2244 437 2321 redigere
459 2242 686 2320 legationisque
708 2242 771 2301 iure
791 2242 867 2301 satis
886 2249 1000 2301 tectum
1016 2250 1049 2300 se

147 2333 358 2420 arbitraretur,
376 2346 459 2423 quod
475 2346 557 2422 apud
573 2352 681 2404 omnes
695 2352 805 2422 gentes
821 2354 961 2404 sanctum
979 2364 1048 2404 esse
1069 2366 1100 2400 20

147 2458 341 2523 consuesseu
372 2458 391 2509 a
419 2456 551 2528 tyranno
580 2444 759 2507 Alexandro
789 2448 926 2506 Pheraeo
959 2448 1049 2506 simul

147 2572 219 2613 cum
237 2552 373 2612 Ismenia
392 2551 634 2627 comprehensus
654 2550 685 2607 in
701 2550 804 2609 vincla
819 2550 976 2609 coniectus
992 2561 1048 2609 est.

113 2658 248 2716 2Hunc
275 2654 506 2733 Epaminondas
532 2652 733 2729 recuperavit,
753 2653 836 2711 bello
861 2661 1049 2729 persequens

148 2760 371 2819 Alexandrum.
432 2760 506 2816 Post
539 2756 570 2815 id
603 2757 719 2814 factum
750 2774 916 2831 numquam
948 2757 1050 2815 animo

148 2864 268 2940 placari
286 2861 386 2939 potuit
405 2860 437 2918 in
455 2878 534 2931 eum,
551 2879 569 2918 a
588 2867 650 2935 quo
669 2868 734 2917 erat
753 2858 893 2917 violatus.
940 2861 1049 2935 Itaque
1070 2873 1098 2923 25

149 2963 307 3042 persuasit
324 2963 484 3022 Thebanis
510 2971 544 3020 ut
567 2960 708 3020 subsidio
729 2960 910 3018 Thessaliae
933 2961 1050 3036 profici·

185 3131 200 3181 3
224 3116 343 3180 turbido,
362 3115 525 3177 periculosa·
554 3113 704 3176 docuimus,
728 3113 915 3174 diximus—9
938 3113 1052 3175 phalan-

151 3213 223 3264 gem,
235 3201 323 3247 aciem.
331 3227 364 3234 —
374 3196 404 3246 16
421 3197 545 3260 adversa,
559 3198 672 3243 inimr'cd.
681 3224 714 3231 -
724 3208 751 3255 17
772 3195 863 3258 initio,
872 3197 1008 3256 principio.
1019 3223 1051 3229 -

155 3298 185 3346 19
201 3284 314 3346 tectum,
328 3286 478 3343 protectum.
